trade_id,timestamp,symbol,side,price,quantity
1,2026-03-04 14:33:54.162714,ETH,BUY,596.72,4
2,2026-03-04 14:34:04.162714,ETH,BUY,40951.37,4
3,2026-03-04 14:34:14.162714,ETH,SELL,19803.92,5
4,2026-03-04 14:34:24.162714,BTC,BUY,37921.55,1
5,2026-03-04 14:34:34.162714,ETH,SELL,27196.79,3
6,2026-03-04 14:34:44.162714,BTC,BUY,16499.19,2
7,2026-03-04 14:34:54.162714,ETH,SELL,14151.85,3
8,2026-03-04 14:35:04.162714,BTC,BUY,43049.86,3
9,2026-03-04 14:35:14.162714,BTC,SELL,10350.46,1
10,2026-03-04 14:35:24.162714,BTC,SELL,19121.44,3
11,2026-03-04 14:35:34.162714,SOL,BUY,26224.04,3
12,2026-03-04 14:35:44.162714,BTC,SELL,10578.85,5
13,2026-03-04 14:35:54.162714,SOL,BUY,1582.05,1
14,2026-03-04 14:36:04.162714,BTC,SELL,44756.98,4
15,2026-03-04 14:36:14.162714,BTC,SELL,43111.04,4
16,2026-03-04 14:36:24.162714,BTC,SELL,9757.09,2
17,2026-03-04 14:36:34.162714,BTC,SELL,4325.78,3
18,2026-03-04 14:36:44.162714,SOL,SELL,37106.04,2
19,2026-03-04 14:36:54.162714,BTC,BUY,32469.33,1
20,2026-03-04 14:37:04.162714,BTC,SELL,19865.54,5
21,2026-03-04 14:37:14.162714,SOL,BUY,41077.61,2
22,2026-03-04 14:37:24.162714,BTC,BUY,18031.92,3
23,2026-03-04 14:37:34.162714,ETH,SELL,6750.2,3
24,2026-03-04 14:37:44.162714,BTC,BUY,4729.26,1
25,2026-03-04 14:37:54.162714,ETH,SELL,38345.3,4
26,2026-03-04 14:38:04.162714,SOL,BUY,1881.85,1
27,2026-03-04 14:38:14.162714,SOL,SELL,5547.54,4
28,2026-03-04 14:38:24.162714,SOL,SELL,41747.8,3
29,2026-03-04 14:38:34.162714,SOL,BUY,15150.91,5
30,2026-03-04 14:38:44.162714,SOL,SELL,18222.48,1
31,2026-03-04 14:38:54.162714,BTC,BUY,8095.57,1
32,2026-03-04 14:39:04.162714,ETH,SELL,44993.62,2
33,2026-03-04 14:39:14.162714,BTC,SELL,32022.57,1
34,2026-03-04 14:39:24.162714,SOL,BUY,41290.94,1
35,2026-03-04 14:39:34.162714,BTC,SELL,35662.23,3
36,2026-03-04 14:39:44.162714,BTC,BUY,13323.78,3
37,2026-03-04 14:39:54.162714,BTC,BUY,17033.14,3
38,2026-03-04 14:40:04.162714,SOL,BUY,37849.52,4
39,2026-03-04 14:40:14.162714,ETH,BUY,33476.6,5
40,2026-03-04 14:40:24.162714,BTC,BUY,21819.77,5
41,2026-03-04 14:40:34.162714,SOL,BUY,31058.89,1
42,2026-03-04 14:40:44.162714,SOL,BUY,42829.33,5
43,2026-03-04 14:40:54.162714,SOL,BUY,18643.11,4
44,2026-03-04 14:41:04.162714,BTC,BUY,37378.54,1
45,2026-03-04 14:41:14.162714,ETH,SELL,40293.12,3
46,2026-03-04 14:41:24.162714,BTC,BUY,32517.52,3
47,2026-03-04 14:41:34.162714,BTC,BUY,37993.93,3
48,2026-03-04 14:41:44.162714,ETH,SELL,7533.9,2
49,2026-03-04 14:41:54.162714,BTC,BUY,6080.53,4
50,2026-03-04 14:42:04.162714,SOL,BUY,26803.8,5
51,2026-03-04 14:42:14.162714,BTC,SELL,25881.12,1
52,2026-03-04 14:42:24.162714,BTC,SELL,27522.29,2
53,2026-03-04 14:42:34.162714,ETH,BUY,19006.45,5
54,2026-03-04 14:42:44.162714,ETH,BUY,2699.04,2
55,2026-03-04 14:42:54.162714,BTC,BUY,32835.46,5
56,2026-03-04 14:43:04.162714,ETH,SELL,37638.87,2
57,2026-03-04 14:43:14.162714,ETH,SELL,14229.13,2
58,2026-03-04 14:43:24.162714,SOL,BUY,1083.35,5
59,2026-03-04 14:43:34.162714,SOL,SELL,16211.98,5
60,2026-03-04 14:43:44.162714,SOL,BUY,37125.46,5
61,2026-03-04 14:43:54.162714,ETH,BUY,41151.84,3
62,2026-03-04 14:44:04.162714,ETH,BUY,31979.84,2
63,2026-03-04 14:44:14.162714,ETH,BUY,8369.1,4
64,2026-03-04 14:44:24.162714,ETH,BUY,12362.56,1
65,2026-03-04 14:44:34.162714,BTC,SELL,23749.38,1
66,2026-03-04 14:44:44.162714,BTC,SELL,1541.21,2
67,2026-03-04 14:44:54.162714,BTC,SELL,20705.83,3
68,2026-03-04 14:45:04.162714,BTC,BUY,21677.31,2
69,2026-03-04 14:45:14.162714,SOL,BUY,3305.25,2
70,2026-03-04 14:45:24.162714,BTC,BUY,37289.95,3
71,2026-03-04 14:45:34.162714,SOL,BUY,34050.16,5
72,2026-03-04 14:45:44.162714,BTC,BUY,31801.9,5
73,2026-03-04 14:45:54.162714,SOL,BUY,21903.82,2
74,2026-03-04 14:46:04.162714,SOL,BUY,35067.11,4
75,2026-03-04 14:46:14.162714,ETH,BUY,33203.24,1
76,2026-03-04 14:46:24.162714,SOL,SELL,13625.88,1
77,2026-03-04 14:46:34.162714,SOL,BUY,20139.28,2
78,2026-03-04 14:46:44.162714,SOL,SELL,1852.73,2
79,2026-03-04 14:46:54.162714,SOL,SELL,29485.8,1
80,2026-03-04 14:47:04.162714,BTC,SELL,4608.36,3
81,2026-03-04 14:47:14.162714,BTC,BUY,5161.59,5
82,2026-03-04 14:47:24.162714,BTC,SELL,35773.09,2
83,2026-03-04 14:47:34.162714,BTC,BUY,16815.1,2
84,2026-03-04 14:47:44.162714,BTC,BUY,25476.69,1
85,2026-03-04 14:47:54.162714,SOL,BUY,28418.27,4
86,2026-03-04 14:48:04.162714,BTC,SELL,26119.22,3
87,2026-03-04 14:48:14.162714,BTC,SELL,21011.85,3
88,2026-03-04 14:48:24.162714,SOL,BUY,37313.48,4
89,2026-03-04 14:48:34.162714,BTC,SELL,28358.82,5
90,2026-03-04 14:48:44.162714,ETH,BUY,13248.87,1
91,2026-03-04 14:48:54.162714,SOL,BUY,35128.39,1
92,2026-03-04 14:49:04.162714,ETH,BUY,4483.28,4
93,2026-03-04 14:49:14.162714,SOL,SELL,13981.56,4
94,2026-03-04 14:49:24.162714,ETH,SELL,14896.95,3
95,2026-03-04 14:49:34.162714,ETH,BUY,42760.84,3
96,2026-03-04 14:49:44.162714,SOL,BUY,6941.0,2
97,2026-03-04 14:49:54.162714,BTC,BUY,14125.12,3
98,2026-03-04 14:50:04.162714,SOL,BUY,29945.22,1
99,2026-03-04 14:50:14.162714,ETH,BUY,2940.0,3
100,2026-03-04 14:50:24.162714,SOL,SELL,44363.6,3
101,2026-03-04 14:50:34.162714,ETH,BUY,17961.41,2
102,2026-03-04 14:50:44.162714,BTC,BUY,8458.45,2
103,2026-03-04 14:50:54.162714,ETH,BUY,27212.41,5
104,2026-03-04 14:51:04.162714,SOL,BUY,15208.14,1
105,2026-03-04 14:51:14.162714,ETH,BUY,42041.43,4
106,2026-03-04 14:51:24.162714,BTC,BUY,21840.9,2
107,2026-03-04 14:51:34.162714,SOL,BUY,3796.01,1
108,2026-03-04 14:51:44.162714,BTC,SELL,41387.7,4
109,2026-03-04 14:51:54.162714,ETH,SELL,14565.77,2
110,2026-03-04 14:52:04.162714,ETH,BUY,21278.88,4
111,2026-03-04 14:52:14.162714,BTC,SELL,31354.98,1
112,2026-03-04 14:52:24.162714,BTC,BUY,30730.39,5
113,2026-03-04 14:52:34.162714,ETH,SELL,26158.84,5
114,2026-03-04 14:52:44.162714,ETH,SELL,24109.29,5
115,2026-03-04 14:52:54.162714,SOL,SELL,4833.42,4
116,2026-03-04 14:53:04.162714,ETH,BUY,39487.15,4
117,2026-03-04 14:53:14.162714,BTC,BUY,15239.55,3
118,2026-03-04 14:53:24.162714,SOL,BUY,27144.77,3
119,2026-03-04 14:53:34.162714,SOL,BUY,14746.52,1
120,2026-03-04 14:53:44.162714,ETH,SELL,25915.7,1
121,2026-03-04 14:53:54.162714,BTC,BUY,12611.46,5
122,2026-03-04 14:54:04.162714,SOL,SELL,11842.65,4
123,2026-03-04 14:54:14.162714,ETH,BUY,11997.68,4
124,2026-03-04 14:54:24.162714,BTC,BUY,15856.31,5
125,2026-03-04 14:54:34.162714,SOL,SELL,13317.5,4
126,2026-03-04 14:54:44.162714,SOL,BUY,41090.07,3
127,2026-03-04 14:54:54.162714,ETH,BUY,9627.89,2
128,2026-03-04 14:55:04.162714,ETH,BUY,2056.13,3
129,2026-03-04 14:55:14.162714,SOL,BUY,42676.63,4
130,2026-03-04 14:55:24.162714,ETH,SELL,32403.42,1
131,2026-03-04 14:55:34.162714,SOL,SELL,5893.66,3
132,2026-03-04 14:55:44.162714,SOL,SELL,37875.89,1
133,2026-03-04 14:55:54.162714,SOL,SELL,14387.6,2
134,2026-03-04 14:56:04.162714,BTC,BUY,43197.56,5
135,2026-03-04 14:56:14.162714,ETH,BUY,11393.03,4
136,2026-03-04 14:56:24.162714,SOL,SELL,27334.42,5
137,2026-03-04 14:56:34.162714,ETH,SELL,27149.17,2
138,2026-03-04 14:56:44.162714,BTC,SELL,43158.82,4
139,2026-03-04 14:56:54.162714,ETH,BUY,28446.05,3
140,2026-03-04 14:57:04.162714,ETH,SELL,1144.62,4
141,2026-03-04 14:57:14.162714,SOL,SELL,30024.62,5
142,2026-03-04 14:57:24.162714,BTC,SELL,16174.37,3
143,2026-03-04 14:57:34.162714,BTC,BUY,38034.62,3
144,2026-03-04 14:57:44.162714,ETH,SELL,41066.74,3
145,2026-03-04 14:57:54.162714,SOL,SELL,38673.78,2
146,2026-03-04 14:58:04.162714,ETH,SELL,17837.48,5
147,2026-03-04 14:58:14.162714,ETH,BUY,31585.71,5
148,2026-03-04 14:58:24.162714,ETH,BUY,23559.53,4
149,2026-03-04 14:58:34.162714,ETH,SELL,22482.42,3
150,2026-03-04 14:58:44.162714,BTC,BUY,27726.78,2
151,2026-03-04 14:58:54.162714,BTC,SELL,7524.15,1
152,2026-03-04 14:59:04.162714,ETH,SELL,23076.0,4
153,2026-03-04 14:59:14.162714,SOL,SELL,21650.91,5
154,2026-03-04 14:59:24.162714,ETH,SELL,643.16,2
155,2026-03-04 14:59:34.162714,ETH,BUY,33179.79,5
156,2026-03-04 14:59:44.162714,BTC,BUY,29577.96,5
157,2026-03-04 14:59:54.162714,SOL,SELL,25017.33,1
158,2026-03-04 15:00:04.162714,ETH,SELL,24464.56,4
159,2026-03-04 15:00:14.162714,BTC,BUY,37712.17,5
160,2026-03-04 15:00:24.162714,BTC,SELL,37047.04,1
161,2026-03-04 15:00:34.162714,BTC,BUY,104.89,2
162,2026-03-04 15:00:44.162714,ETH,BUY,42832.16,5
163,2026-03-04 15:00:54.162714,SOL,SELL,26667.72,4
164,2026-03-04 15:01:04.162714,ETH,SELL,41011.21,5
165,2026-03-04 15:01:14.162714,SOL,BUY,42874.22,2
166,2026-03-04 15:01:24.162714,SOL,SELL,26332.32,2
167,2026-03-04 15:01:34.162714,ETH,SELL,27928.98,3
168,2026-03-04 15:01:44.162714,BTC,BUY,7175.45,4
169,2026-03-04 15:01:54.162714,BTC,BUY,34896.37,3
170,2026-03-04 15:02:04.162714,ETH,SELL,33738.97,2
171,2026-03-04 15:02:14.162714,ETH,BUY,40381.58,3
172,2026-03-04 15:02:24.162714,ETH,BUY,30488.36,5
173,2026-03-04 15:02:34.162714,BTC,BUY,13396.93,5
174,2026-03-04 15:02:44.162714,SOL,SELL,37304.78,3
175,2026-03-04 15:02:54.162714,BTC,BUY,34750.75,1
176,2026-03-04 15:03:04.162714,BTC,BUY,19135.98,1
177,2026-03-04 15:03:14.162714,BTC,SELL,1418.85,3
178,2026-03-04 15:03:24.162714,ETH,SELL,17516.78,4
179,2026-03-04 15:03:34.162714,SOL,SELL,43950.63,5
180,2026-03-04 15:03:44.162714,SOL,SELL,18634.19,2
181,2026-03-04 15:03:54.162714,SOL,SELL,17440.38,1
182,2026-03-04 15:04:04.162714,SOL,SELL,42793.68,1
183,2026-03-04 15:04:14.162714,ETH,SELL,19807.11,4
184,2026-03-04 15:04:24.162714,BTC,BUY,4365.18,3
185,2026-03-04 15:04:34.162714,SOL,SELL,18344.57,1
186,2026-03-04 15:04:44.162714,BTC,SELL,18202.58,2
187,2026-03-04 15:04:54.162714,BTC,SELL,10403.38,1
188,2026-03-04 15:05:04.162714,SOL,SELL,6211.58,4
189,2026-03-04 15:05:14.162714,BTC,BUY,41444.99,3
190,2026-03-04 15:05:24.162714,SOL,BUY,26706.47,4
191,2026-03-04 15:05:34.162714,SOL,SELL,40898.37,5
192,2026-03-04 15:05:44.162714,SOL,BUY,27164.43,3
193,2026-03-04 15:05:54.162714,SOL,SELL,19334.83,2
194,2026-03-04 15:06:04.162714,BTC,SELL,30067.02,3
195,2026-03-04 15:06:14.162714,ETH,BUY,42871.91,1
196,2026-03-04 15:06:24.162714,ETH,SELL,32534.74,2
197,2026-03-04 15:06:34.162714,SOL,SELL,25524.63,5
198,2026-03-04 15:06:44.162714,BTC,SELL,4943.0,3
199,2026-03-04 15:06:54.162714,BTC,BUY,32249.07,3
200,2026-03-04 15:07:04.162714,ETH,SELL,3583.05,2
201,2026-03-04 15:07:14.162714,SOL,SELL,43980.59,1
202,2026-03-04 15:07:24.162714,SOL,SELL,30805.36,5
203,2026-03-04 15:07:34.162714,SOL,BUY,15550.63,4
204,2026-03-04 15:07:44.162714,BTC,SELL,21119.6,5
205,2026-03-04 15:07:54.162714,ETH,BUY,44176.84,3
206,2026-03-04 15:08:04.162714,BTC,BUY,32978.88,1
207,2026-03-04 15:08:14.162714,SOL,SELL,41827.08,4
208,2026-03-04 15:08:24.162714,SOL,SELL,15570.1,3
209,2026-03-04 15:08:34.162714,SOL,SELL,29490.29,3
210,2026-03-04 15:08:44.162714,SOL,SELL,32284.25,2
211,2026-03-04 15:08:54.162714,BTC,BUY,14668.36,4
212,2026-03-04 15:09:04.162714,BTC,BUY,13551.07,4
213,2026-03-04 15:09:14.162714,SOL,SELL,24644.82,4
214,2026-03-04 15:09:24.162714,ETH,SELL,32570.24,4
215,2026-03-04 15:09:34.162714,SOL,BUY,28667.56,4
216,2026-03-04 15:09:44.162714,ETH,SELL,1288.04,3
217,2026-03-04 15:09:54.162714,ETH,BUY,7868.59,4
218,2026-03-04 15:10:04.162714,SOL,SELL,21381.04,3
219,2026-03-04 15:10:14.162714,SOL,SELL,20058.39,2
220,2026-03-04 15:10:24.162714,ETH,BUY,43080.43,4
221,2026-03-04 15:10:34.162714,SOL,SELL,22878.99,2
222,2026-03-04 15:10:44.162714,BTC,BUY,23227.82,4
223,2026-03-04 15:10:54.162714,ETH,BUY,37830.57,3
224,2026-03-04 15:11:04.162714,SOL,BUY,24812.51,4
225,2026-03-04 15:11:14.162714,SOL,SELL,13882.0,2
226,2026-03-04 15:11:24.162714,ETH,SELL,19834.16,1
227,2026-03-04 15:11:34.162714,BTC,BUY,19725.81,5
228,2026-03-04 15:11:44.162714,BTC,SELL,27056.36,1
229,2026-03-04 15:11:54.162714,ETH,BUY,25630.97,4
230,2026-03-04 15:12:04.162714,BTC,BUY,39384.31,1
231,2026-03-04 15:12:14.162714,ETH,BUY,34866.54,4
232,2026-03-04 15:12:24.162714,ETH,BUY,43165.53,2
233,2026-03-04 15:12:34.162714,ETH,SELL,31299.33,4
234,2026-03-04 15:12:44.162714,ETH,SELL,37855.48,3
235,2026-03-04 15:12:54.162714,SOL,BUY,9138.34,1
236,2026-03-04 15:13:04.162714,BTC,SELL,30812.31,1
237,2026-03-04 15:13:14.162714,BTC,SELL,20470.0,4
238,2026-03-04 15:13:24.162714,ETH,BUY,20021.45,4
239,2026-03-04 15:13:34.162714,BTC,SELL,43842.96,3
240,2026-03-04 15:13:44.162714,ETH,SELL,11933.32,5
241,2026-03-04 15:13:54.162714,ETH,SELL,31993.76,1
242,2026-03-04 15:14:04.162714,BTC,BUY,5532.97,3
243,2026-03-04 15:14:14.162714,SOL,BUY,2833.57,3
244,2026-03-04 15:14:24.162714,SOL,SELL,4428.2,3
245,2026-03-04 15:14:34.162714,BTC,BUY,1197.3,3
246,2026-03-04 15:14:44.162714,BTC,BUY,29430.51,1
247,2026-03-04 15:14:54.162714,BTC,SELL,1749.74,3
248,2026-03-04 15:15:04.162714,SOL,BUY,903.15,4
249,2026-03-04 15:15:14.162714,BTC,SELL,23627.72,3
250,2026-03-04 15:15:24.162714,SOL,SELL,31773.92,3
251,2026-03-04 15:15:34.162714,ETH,BUY,41299.03,5
252,2026-03-04 15:15:44.162714,BTC,SELL,32222.25,2
253,2026-03-04 15:15:54.162714,BTC,SELL,970.09,4
254,2026-03-04 15:16:04.162714,BTC,BUY,22436.96,1
255,2026-03-04 15:16:14.162714,BTC,SELL,5811.41,1
256,2026-03-04 15:16:24.162714,BTC,BUY,23444.26,1
257,2026-03-04 15:16:34.162714,BTC,BUY,41542.07,3
258,2026-03-04 15:16:44.162714,SOL,SELL,40740.46,5
259,2026-03-04 15:16:54.162714,SOL,BUY,27620.67,2
260,2026-03-04 15:17:04.162714,ETH,SELL,1677.52,4
261,2026-03-04 15:17:14.162714,SOL,SELL,36392.13,3
262,2026-03-04 15:17:24.162714,BTC,BUY,18667.8,2
263,2026-03-04 15:17:34.162714,BTC,BUY,26292.74,4
264,2026-03-04 15:17:44.162714,SOL,BUY,24797.01,3
265,2026-03-04 15:17:54.162714,ETH,SELL,28660.88,4
266,2026-03-04 15:18:04.162714,SOL,BUY,27674.55,2
267,2026-03-04 15:18:14.162714,ETH,SELL,624.5,5
268,2026-03-04 15:18:24.162714,SOL,SELL,4443.72,4
269,2026-03-04 15:18:34.162714,SOL,BUY,28907.69,2
270,2026-03-04 15:18:44.162714,ETH,SELL,6924.08,3
271,2026-03-04 15:18:54.162714,BTC,BUY,13458.94,5
272,2026-03-04 15:19:04.162714,ETH,SELL,39001.43,2
273,2026-03-04 15:19:14.162714,ETH,BUY,27274.81,4
274,2026-03-04 15:19:24.162714,SOL,SELL,34042.68,3
275,2026-03-04 15:19:34.162714,ETH,SELL,1378.21,3
276,2026-03-04 15:19:44.162714,SOL,SELL,22439.93,1
277,2026-03-04 15:19:54.162714,ETH,SELL,24989.77,1
278,2026-03-04 15:20:04.162714,BTC,BUY,3995.02,4
279,2026-03-04 15:20:14.162714,SOL,SELL,39090.62,2
280,2026-03-04 15:20:24.162714,ETH,SELL,1983.26,3
281,2026-03-04 15:20:34.162714,BTC,SELL,35479.61,3
282,2026-03-04 15:20:44.162714,ETH,BUY,389.12,1
283,2026-03-04 15:20:54.162714,BTC,SELL,1579.32,4
284,2026-03-04 15:21:04.162714,ETH,BUY,30920.86,3
285,2026-03-04 15:21:14.162714,ETH,SELL,13966.05,3
286,2026-03-04 15:21:24.162714,SOL,BUY,41930.95,4
287,2026-03-04 15:21:34.162714,ETH,SELL,39562.38,4
288,2026-03-04 15:21:44.162714,SOL,BUY,31317.01,2
289,2026-03-04 15:21:54.162714,SOL,BUY,44724.73,2
290,2026-03-04 15:22:04.162714,BTC,SELL,5533.69,2
291,2026-03-04 15:22:14.162714,ETH,BUY,36071.2,3
292,2026-03-04 15:22:24.162714,ETH,SELL,19220.08,1
293,2026-03-04 15:22:34.162714,SOL,BUY,5990.6,3
294,2026-03-04 15:22:44.162714,SOL,SELL,15500.28,4
295,2026-03-04 15:22:54.162714,BTC,BUY,19455.8,5
296,2026-03-04 15:23:04.162714,BTC,SELL,19185.89,1
297,2026-03-04 15:23:14.162714,SOL,SELL,4324.71,3
298,2026-03-04 15:23:24.162714,BTC,SELL,16617.52,5
299,2026-03-04 15:23:34.162714,BTC,BUY,2402.3,5
300,2026-03-04 15:23:44.162714,ETH,SELL,37479.47,1
301,2026-03-04 15:23:54.162714,BTC,BUY,337.32,5
302,2026-03-04 15:24:04.162714,ETH,SELL,9216.7,4
303,2026-03-04 15:24:14.162714,BTC,SELL,42269.4,1
304,2026-03-04 15:24:24.162714,SOL,SELL,23660.89,3
305,2026-03-04 15:24:34.162714,SOL,BUY,1238.31,3
306,2026-03-04 15:24:44.162714,SOL,BUY,12121.19,4
307,2026-03-04 15:24:54.162714,SOL,BUY,30784.41,2
308,2026-03-04 15:25:04.162714,SOL,SELL,15739.75,4
309,2026-03-04 15:25:14.162714,BTC,SELL,17209.12,5
310,2026-03-04 15:25:24.162714,ETH,BUY,12043.38,3
311,2026-03-04 15:25:34.162714,SOL,SELL,30901.35,2
312,2026-03-04 15:25:44.162714,SOL,BUY,14909.88,1
313,2026-03-04 15:25:54.162714,SOL,BUY,9275.92,3
314,2026-03-04 15:26:04.162714,SOL,SELL,31982.62,5
315,2026-03-04 15:26:14.162714,ETH,SELL,15981.49,3
316,2026-03-04 15:26:24.162714,BTC,BUY,4808.56,1
317,2026-03-04 15:26:34.162714,ETH,BUY,27047.0,3
318,2026-03-04 15:26:44.162714,SOL,SELL,30458.02,2
319,2026-03-04 15:26:54.162714,SOL,SELL,71.28,2
320,2026-03-04 15:27:04.162714,SOL,SELL,17392.31,2
321,2026-03-04 15:27:14.162714,SOL,BUY,44432.24,3
322,2026-03-04 15:27:24.162714,ETH,BUY,15053.91,4
323,2026-03-04 15:27:34.162714,ETH,SELL,40644.59,3
324,2026-03-04 15:27:44.162714,SOL,BUY,20818.66,4
325,2026-03-04 15:27:54.162714,BTC,SELL,14356.07,4
326,2026-03-04 15:28:04.162714,ETH,SELL,9544.38,3
327,2026-03-04 15:28:14.162714,SOL,SELL,9892.61,5
328,2026-03-04 15:28:24.162714,BTC,BUY,8840.93,1
329,2026-03-04 15:28:34.162714,BTC,BUY,10787.81,2
330,2026-03-04 15:28:44.162714,BTC,BUY,39430.63,2
331,2026-03-04 15:28:54.162714,BTC,SELL,836.0,4
332,2026-03-04 15:29:04.162714,BTC,BUY,19149.27,2
333,2026-03-04 15:29:14.162714,ETH,SELL,24472.34,3
334,2026-03-04 15:29:24.162714,ETH,BUY,27280.98,4
335,2026-03-04 15:29:34.162714,SOL,BUY,27559.22,1
336,2026-03-04 15:29:44.162714,BTC,BUY,27519.15,2
337,2026-03-04 15:29:54.162714,BTC,SELL,32821.17,3
338,2026-03-04 15:30:04.162714,ETH,BUY,10175.8,1
339,2026-03-04 15:30:14.162714,BTC,BUY,38118.94,5
340,2026-03-04 15:30:24.162714,ETH,SELL,40379.09,4
341,2026-03-04 15:30:34.162714,BTC,BUY,26731.6,1
342,2026-03-04 15:30:44.162714,BTC,SELL,19810.21,3
343,2026-03-04 15:30:54.162714,ETH,BUY,31726.72,5
344,2026-03-04 15:31:04.162714,ETH,SELL,31130.17,3
345,2026-03-04 15:31:14.162714,BTC,BUY,41512.62,2
346,2026-03-04 15:31:24.162714,BTC,SELL,10806.44,1
347,2026-03-04 15:31:34.162714,SOL,BUY,32269.8,3
348,2026-03-04 15:31:44.162714,BTC,SELL,40568.67,5
349,2026-03-04 15:31:54.162714,ETH,BUY,15608.09,3
350,2026-03-04 15:32:04.162714,SOL,BUY,28048.87,2
351,2026-03-04 15:32:14.162714,ETH,SELL,37698.51,3
352,2026-03-04 15:32:24.162714,BTC,BUY,44948.97,5
353,2026-03-04 15:32:34.162714,BTC,BUY,25799.44,1
354,2026-03-04 15:32:44.162714,BTC,BUY,31950.9,1
355,2026-03-04 15:32:54.162714,ETH,BUY,42386.44,3
356,2026-03-04 15:33:04.162714,ETH,SELL,23521.52,4
357,2026-03-04 15:33:14.162714,SOL,BUY,8757.29,5
358,2026-03-04 15:33:24.162714,SOL,SELL,13399.4,3
359,2026-03-04 15:33:34.162714,BTC,SELL,16534.55,5
360,2026-03-04 15:33:44.162714,ETH,SELL,2267.3,2
361,2026-03-04 15:33:54.162714,SOL,SELL,13180.92,3
362,2026-03-04 15:34:04.162714,BTC,SELL,19756.66,2
363,2026-03-04 15:34:14.162714,SOL,BUY,20055.59,3
364,2026-03-04 15:34:24.162714,BTC,BUY,35958.47,5
365,2026-03-04 15:34:34.162714,SOL,BUY,31992.11,3
366,2026-03-04 15:34:44.162714,ETH,BUY,35237.53,1
367,2026-03-04 15:34:54.162714,BTC,SELL,29615.06,3
368,2026-03-04 15:35:04.162714,ETH,SELL,32541.75,4
369,2026-03-04 15:35:14.162714,BTC,SELL,8881.59,4
370,2026-03-04 15:35:24.162714,SOL,BUY,18258.28,2
371,2026-03-04 15:35:34.162714,SOL,BUY,1709.48,3
372,2026-03-04 15:35:44.162714,ETH,BUY,24310.8,1
373,2026-03-04 15:35:54.162714,ETH,BUY,34574.55,5
374,2026-03-04 15:36:04.162714,ETH,SELL,37757.38,4
375,2026-03-04 15:36:14.162714,BTC,SELL,41422.86,3
376,2026-03-04 15:36:24.162714,BTC,SELL,8352.36,4
377,2026-03-04 15:36:34.162714,ETH,BUY,20275.05,1
378,2026-03-04 15:36:44.162714,BTC,SELL,4748.91,5
379,2026-03-04 15:36:54.162714,SOL,SELL,25511.97,5
380,2026-03-04 15:37:04.162714,ETH,BUY,4781.33,3
381,2026-03-04 15:37:14.162714,ETH,SELL,43985.18,3
382,2026-03-04 15:37:24.162714,BTC,BUY,36539.85,3
383,2026-03-04 15:37:34.162714,ETH,SELL,2823.32,3
384,2026-03-04 15:37:44.162714,SOL,BUY,27107.66,4
385,2026-03-04 15:37:54.162714,BTC,SELL,15282.86,5
386,2026-03-04 15:38:04.162714,ETH,BUY,15320.44,1
387,2026-03-04 15:38:14.162714,BTC,BUY,29080.7,1
388,2026-03-04 15:38:24.162714,SOL,BUY,26919.24,3
389,2026-03-04 15:38:34.162714,ETH,SELL,31144.63,5
390,2026-03-04 15:38:44.162714,BTC,SELL,44362.2,4
391,2026-03-04 15:38:54.162714,SOL,BUY,276.92,5
392,2026-03-04 15:39:04.162714,BTC,BUY,4977.62,4
393,2026-03-04 15:39:14.162714,SOL,BUY,27786.12,3
394,2026-03-04 15:39:24.162714,SOL,BUY,29678.69,1
395,2026-03-04 15:39:34.162714,BTC,SELL,5795.66,5
396,2026-03-04 15:39:44.162714,SOL,SELL,5446.93,3
397,2026-03-04 15:39:54.162714,BTC,SELL,24123.46,3
398,2026-03-04 15:40:04.162714,ETH,SELL,41412.14,2
399,2026-03-04 15:40:14.162714,BTC,BUY,43848.53,3
400,2026-03-04 15:40:24.162714,BTC,BUY,25300.53,4
401,2026-03-04 15:40:34.162714,BTC,SELL,20633.12,4
402,2026-03-04 15:40:44.162714,BTC,BUY,42857.12,4
403,2026-03-04 15:40:54.162714,ETH,SELL,5600.79,2
404,2026-03-04 15:41:04.162714,ETH,BUY,24202.81,3
405,2026-03-04 15:41:14.162714,SOL,SELL,19644.57,2
406,2026-03-04 15:41:24.162714,ETH,BUY,15494.02,4
407,2026-03-04 15:41:34.162714,ETH,BUY,30765.14,3
408,2026-03-04 15:41:44.162714,ETH,SELL,22556.47,1
409,2026-03-04 15:41:54.162714,SOL,SELL,31397.45,4
410,2026-03-04 15:42:04.162714,ETH,SELL,4867.69,4
411,2026-03-04 15:42:14.162714,SOL,SELL,13194.51,1
412,2026-03-04 15:42:24.162714,ETH,SELL,3362.35,3
413,2026-03-04 15:42:34.162714,BTC,SELL,20583.48,2
414,2026-03-04 15:42:44.162714,ETH,BUY,22719.22,2
415,2026-03-04 15:42:54.162714,BTC,BUY,28120.82,2
416,2026-03-04 15:43:04.162714,BTC,BUY,4954.26,5
417,2026-03-04 15:43:14.162714,SOL,BUY,23964.32,4
418,2026-03-04 15:43:24.162714,BTC,BUY,27254.19,4
419,2026-03-04 15:43:34.162714,BTC,BUY,23340.05,3
420,2026-03-04 15:43:44.162714,BTC,BUY,9623.66,5
421,2026-03-04 15:43:54.162714,BTC,BUY,20154.69,1
422,2026-03-04 15:44:04.162714,ETH,SELL,31345.72,2
423,2026-03-04 15:44:14.162714,ETH,BUY,42103.54,1
424,2026-03-04 15:44:24.162714,ETH,BUY,558.4,2
425,2026-03-04 15:44:34.162714,BTC,BUY,5286.82,2
426,2026-03-04 15:44:44.162714,BTC,BUY,31638.28,1
427,2026-03-04 15:44:54.162714,ETH,SELL,25068.21,3
428,2026-03-04 15:45:04.162714,ETH,BUY,7344.83,5
429,2026-03-04 15:45:14.162714,BTC,BUY,43766.75,5
430,2026-03-04 15:45:24.162714,BTC,BUY,30121.22,2
431,2026-03-04 15:45:34.162714,ETH,SELL,29517.97,1
432,2026-03-04 15:45:44.162714,BTC,SELL,39579.99,2
433,2026-03-04 15:45:54.162714,BTC,BUY,37687.85,2
434,2026-03-04 15:46:04.162714,SOL,SELL,13613.95,5
435,2026-03-04 15:46:14.162714,BTC,BUY,22891.21,3
436,2026-03-04 15:46:24.162714,ETH,BUY,21180.13,2
437,2026-03-04 15:46:34.162714,BTC,BUY,31101.72,5
438,2026-03-04 15:46:44.162714,BTC,SELL,28734.81,5
439,2026-03-04 15:46:54.162714,ETH,BUY,11937.65,1
440,2026-03-04 15:47:04.162714,BTC,BUY,40539.75,1
441,2026-03-04 15:47:14.162714,SOL,SELL,14794.82,3
442,2026-03-04 15:47:24.162714,ETH,BUY,11003.42,4
443,2026-03-04 15:47:34.162714,BTC,SELL,11988.56,2
444,2026-03-04 15:47:44.162714,ETH,SELL,24413.07,2
445,2026-03-04 15:47:54.162714,ETH,SELL,13672.83,5
446,2026-03-04 15:48:04.162714,BTC,SELL,2508.93,1
447,2026-03-04 15:48:14.162714,ETH,SELL,38048.98,5
448,2026-03-04 15:48:24.162714,BTC,BUY,9324.57,1
449,2026-03-04 15:48:34.162714,ETH,SELL,23775.76,2
450,2026-03-04 15:48:44.162714,SOL,BUY,28616.98,3
451,2026-03-04 15:48:54.162714,SOL,BUY,16906.21,4
452,2026-03-04 15:49:04.162714,SOL,BUY,9861.09,3
453,2026-03-04 15:49:14.162714,ETH,SELL,8030.91,4
454,2026-03-04 15:49:24.162714,BTC,BUY,33513.73,4
455,2026-03-04 15:49:34.162714,BTC,BUY,41490.42,4
456,2026-03-04 15:49:44.162714,BTC,BUY,40009.03,4
457,2026-03-04 15:49:54.162714,BTC,BUY,31798.38,2
458,2026-03-04 15:50:04.162714,SOL,BUY,29146.4,3
459,2026-03-04 15:50:14.162714,SOL,BUY,39929.73,1
460,2026-03-04 15:50:24.162714,BTC,BUY,18716.3,3
461,2026-03-04 15:50:34.162714,SOL,BUY,30032.02,1
462,2026-03-04 15:50:44.162714,ETH,SELL,37568.58,4
463,2026-03-04 15:50:54.162714,BTC,BUY,31542.44,4
464,2026-03-04 15:51:04.162714,SOL,SELL,11203.35,1
465,2026-03-04 15:51:14.162714,SOL,BUY,42094.65,1
466,2026-03-04 15:51:24.162714,ETH,SELL,37014.97,3
467,2026-03-04 15:51:34.162714,ETH,BUY,29138.48,5
468,2026-03-04 15:51:44.162714,SOL,BUY,32388.06,2
469,2026-03-04 15:51:54.162714,ETH,SELL,8452.46,3
470,2026-03-04 15:52:04.162714,SOL,SELL,28196.53,1
471,2026-03-04 15:52:14.162714,ETH,SELL,23397.8,2
472,2026-03-04 15:52:24.162714,SOL,BUY,7465.7,4
473,2026-03-04 15:52:34.162714,SOL,BUY,15732.37,2
474,2026-03-04 15:52:44.162714,BTC,SELL,28770.86,2
475,2026-03-04 15:52:54.162714,SOL,SELL,30867.13,2
476,2026-03-04 15:53:04.162714,BTC,SELL,1932.71,5
477,2026-03-04 15:53:14.162714,BTC,SELL,39176.69,5
478,2026-03-04 15:53:24.162714,BTC,BUY,5017.16,3
479,2026-03-04 15:53:34.162714,BTC,SELL,39861.39,3
480,2026-03-04 15:53:44.162714,ETH,BUY,10772.94,5
481,2026-03-04 15:53:54.162714,SOL,SELL,13367.86,3
482,2026-03-04 15:54:04.162714,SOL,BUY,4744.91,2
483,2026-03-04 15:54:14.162714,SOL,BUY,17952.91,2
484,2026-03-04 15:54:24.162714,ETH,BUY,12105.02,4
485,2026-03-04 15:54:34.162714,ETH,SELL,44353.66,1
486,2026-03-04 15:54:44.162714,BTC,BUY,14564.89,2
487,2026-03-04 15:54:54.162714,SOL,SELL,27366.23,3
488,2026-03-04 15:55:04.162714,BTC,SELL,6614.27,5
489,2026-03-04 15:55:14.162714,BTC,BUY,33263.51,2
490,2026-03-04 15:55:24.162714,ETH,BUY,6423.65,5
491,2026-03-04 15:55:34.162714,SOL,SELL,31479.29,2
492,2026-03-04 15:55:44.162714,ETH,SELL,23231.94,4
493,2026-03-04 15:55:54.162714,SOL,SELL,7262.68,4
494,2026-03-04 15:56:04.162714,ETH,SELL,42934.17,3
495,2026-03-04 15:56:14.162714,SOL,BUY,16033.67,4
496,2026-03-04 15:56:24.162714,SOL,BUY,44156.73,4
497,2026-03-04 15:56:34.162714,SOL,BUY,20954.09,2
498,2026-03-04 15:56:44.162714,BTC,SELL,38380.12,1
499,2026-03-04 15:56:54.162714,ETH,BUY,38169.08,2
500,2026-03-04 15:57:04.162714,ETH,BUY,25118.34,3
501,2026-03-04 15:57:14.162714,BTC,SELL,34614.63,3
502,2026-03-04 15:57:24.162714,SOL,SELL,13067.03,4
503,2026-03-04 15:57:34.162714,ETH,SELL,7912.69,3
504,2026-03-04 15:57:44.162714,SOL,SELL,38401.35,4
505,2026-03-04 15:57:54.162714,SOL,BUY,35689.94,3
506,2026-03-04 15:58:04.162714,ETH,BUY,16069.89,4
507,2026-03-04 15:58:14.162714,ETH,SELL,38545.47,4
508,2026-03-04 15:58:24.162714,ETH,SELL,24247.72,5
509,2026-03-04 15:58:34.162714,SOL,BUY,1671.52,5
510,2026-03-04 15:58:44.162714,BTC,BUY,13274.04,5
511,2026-03-04 15:58:54.162714,SOL,SELL,9112.71,3
512,2026-03-04 15:59:04.162714,ETH,SELL,44478.36,1
513,2026-03-04 15:59:14.162714,ETH,BUY,34606.64,5
514,2026-03-04 15:59:24.162714,SOL,SELL,2108.33,4
515,2026-03-04 15:59:34.162714,ETH,BUY,27924.11,1
516,2026-03-04 15:59:44.162714,SOL,BUY,44792.97,4
517,2026-03-04 15:59:54.162714,BTC,BUY,11268.61,1
518,2026-03-04 16:00:04.162714,ETH,BUY,12856.59,4
519,2026-03-04 16:00:14.162714,ETH,BUY,14122.47,2
520,2026-03-04 16:00:24.162714,ETH,SELL,39405.8,2
521,2026-03-04 16:00:34.162714,BTC,BUY,5342.89,5
522,2026-03-04 16:00:44.162714,SOL,BUY,5494.72,5
523,2026-03-04 16:00:54.162714,BTC,BUY,14189.88,4
524,2026-03-04 16:01:04.162714,ETH,BUY,658.01,3
525,2026-03-04 16:01:14.162714,BTC,SELL,8377.55,3
526,2026-03-04 16:01:24.162714,BTC,BUY,29898.77,5
527,2026-03-04 16:01:34.162714,ETH,SELL,20101.48,3
528,2026-03-04 16:01:44.162714,BTC,SELL,18880.78,1
529,2026-03-04 16:01:54.162714,ETH,BUY,41108.15,3
530,2026-03-04 16:02:04.162714,SOL,BUY,7478.49,3
531,2026-03-04 16:02:14.162714,BTC,SELL,3651.3,2
532,2026-03-04 16:02:24.162714,ETH,BUY,20426.57,3
533,2026-03-04 16:02:34.162714,ETH,SELL,21147.99,5
534,2026-03-04 16:02:44.162714,ETH,SELL,37803.67,2
535,2026-03-04 16:02:54.162714,BTC,SELL,31045.92,3
536,2026-03-04 16:03:04.162714,ETH,SELL,27617.79,1
537,2026-03-04 16:03:14.162714,BTC,SELL,36732.43,2
538,2026-03-04 16:03:24.162714,BTC,SELL,25020.34,1
539,2026-03-04 16:03:34.162714,SOL,SELL,26618.98,2
540,2026-03-04 16:03:44.162714,SOL,BUY,42738.45,4
541,2026-03-04 16:03:54.162714,ETH,BUY,23881.0,1
542,2026-03-04 16:04:04.162714,BTC,BUY,28586.07,5
543,2026-03-04 16:04:14.162714,SOL,SELL,41432.36,5
544,2026-03-04 16:04:24.162714,BTC,BUY,6636.75,4
545,2026-03-04 16:04:34.162714,SOL,BUY,9058.74,2
546,2026-03-04 16:04:44.162714,ETH,SELL,26790.81,5
547,2026-03-04 16:04:54.162714,BTC,BUY,20425.06,4
548,2026-03-04 16:05:04.162714,BTC,SELL,3256.41,3
549,2026-03-04 16:05:14.162714,ETH,BUY,8085.82,1
550,2026-03-04 16:05:24.162714,BTC,SELL,2266.03,1
551,2026-03-04 16:05:34.162714,BTC,SELL,21245.9,5
552,2026-03-04 16:05:44.162714,ETH,SELL,9741.43,1
553,2026-03-04 16:05:54.162714,ETH,SELL,28125.05,4
554,2026-03-04 16:06:04.162714,ETH,SELL,19240.44,5
555,2026-03-04 16:06:14.162714,ETH,SELL,26037.99,3
556,2026-03-04 16:06:24.162714,SOL,SELL,22212.28,4
557,2026-03-04 16:06:34.162714,BTC,BUY,27758.96,3
558,2026-03-04 16:06:44.162714,ETH,SELL,44939.15,2
559,2026-03-04 16:06:54.162714,SOL,BUY,10432.68,1
560,2026-03-04 16:07:04.162714,SOL,BUY,20107.82,1
561,2026-03-04 16:07:14.162714,SOL,BUY,23684.79,4
562,2026-03-04 16:07:24.162714,BTC,BUY,40471.41,5
563,2026-03-04 16:07:34.162714,BTC,BUY,31151.36,3
564,2026-03-04 16:07:44.162714,SOL,BUY,6089.12,5
565,2026-03-04 16:07:54.162714,ETH,SELL,22818.66,2
566,2026-03-04 16:08:04.162714,SOL,SELL,9194.63,4
567,2026-03-04 16:08:14.162714,BTC,SELL,21689.56,5
568,2026-03-04 16:08:24.162714,BTC,SELL,1404.47,3
569,2026-03-04 16:08:34.162714,ETH,BUY,27184.06,4
570,2026-03-04 16:08:44.162714,SOL,SELL,19716.42,4
571,2026-03-04 16:08:54.162714,ETH,SELL,24453.97,1
572,2026-03-04 16:09:04.162714,BTC,BUY,9296.36,4
573,2026-03-04 16:09:14.162714,ETH,BUY,5021.87,5
574,2026-03-04 16:09:24.162714,SOL,SELL,24222.01,4
575,2026-03-04 16:09:34.162714,BTC,BUY,39596.8,5
576,2026-03-04 16:09:44.162714,BTC,BUY,37393.39,1
577,2026-03-04 16:09:54.162714,ETH,SELL,4837.97,5
578,2026-03-04 16:10:04.162714,ETH,SELL,31897.26,2
579,2026-03-04 16:10:14.162714,ETH,BUY,36331.15,1
580,2026-03-04 16:10:24.162714,BTC,BUY,17388.38,1
581,2026-03-04 16:10:34.162714,BTC,SELL,11922.94,5
582,2026-03-04 16:10:44.162714,ETH,SELL,40317.94,4
583,2026-03-04 16:10:54.162714,SOL,SELL,37407.6,5
584,2026-03-04 16:11:04.162714,SOL,BUY,25412.78,5
585,2026-03-04 16:11:14.162714,BTC,BUY,23096.6,4
586,2026-03-04 16:11:24.162714,SOL,BUY,15070.63,5
587,2026-03-04 16:11:34.162714,BTC,BUY,315.38,3
588,2026-03-04 16:11:44.162714,BTC,SELL,26889.73,2
589,2026-03-04 16:11:54.162714,BTC,BUY,6483.57,2
590,2026-03-04 16:12:04.162714,SOL,BUY,10048.92,5
591,2026-03-04 16:12:14.162714,ETH,BUY,24368.62,4
592,2026-03-04 16:12:24.162714,SOL,BUY,42346.33,2
593,2026-03-04 16:12:34.162714,BTC,BUY,18631.13,2
594,2026-03-04 16:12:44.162714,ETH,BUY,28761.09,1
595,2026-03-04 16:12:54.162714,BTC,BUY,4242.84,1
596,2026-03-04 16:13:04.162714,BTC,BUY,6116.92,3
597,2026-03-04 16:13:14.162714,BTC,BUY,8400.42,2
598,2026-03-04 16:13:24.162714,ETH,BUY,25885.8,2
599,2026-03-04 16:13:34.162714,SOL,BUY,35468.91,4
600,2026-03-04 16:13:44.162714,BTC,SELL,22460.37,1
601,2026-03-04 16:13:54.162714,SOL,SELL,19252.57,1
602,2026-03-04 16:14:04.162714,ETH,SELL,41302.98,2
603,2026-03-04 16:14:14.162714,BTC,SELL,2317.56,4
604,2026-03-04 16:14:24.162714,ETH,SELL,20751.16,1
605,2026-03-04 16:14:34.162714,SOL,BUY,41302.46,1
606,2026-03-04 16:14:44.162714,BTC,SELL,41077.52,4
607,2026-03-04 16:14:54.162714,ETH,SELL,34522.41,1
608,2026-03-04 16:15:04.162714,SOL,BUY,30422.77,2
609,2026-03-04 16:15:14.162714,SOL,SELL,43353.36,2
610,2026-03-04 16:15:24.162714,ETH,BUY,35911.44,3
611,2026-03-04 16:15:34.162714,SOL,SELL,2541.69,1
612,2026-03-04 16:15:44.162714,SOL,SELL,37613.63,2
613,2026-03-04 16:15:54.162714,ETH,SELL,44079.7,2
614,2026-03-04 16:16:04.162714,BTC,SELL,3347.28,1
615,2026-03-04 16:16:14.162714,ETH,BUY,11965.81,5
616,2026-03-04 16:16:24.162714,ETH,BUY,37409.48,3
617,2026-03-04 16:16:34.162714,ETH,BUY,35391.83,5
618,2026-03-04 16:16:44.162714,SOL,SELL,34354.91,3
619,2026-03-04 16:16:54.162714,BTC,SELL,31214.74,1
620,2026-03-04 16:17:04.162714,SOL,BUY,3047.49,4
621,2026-03-04 16:17:14.162714,SOL,SELL,1243.91,2
622,2026-03-04 16:17:24.162714,BTC,SELL,23192.05,2
623,2026-03-04 16:17:34.162714,ETH,BUY,16857.86,1
624,2026-03-04 16:17:44.162714,SOL,BUY,20159.3,1
625,2026-03-04 16:17:54.162714,ETH,BUY,2757.98,1
626,2026-03-04 16:18:04.162714,BTC,BUY,20044.42,3
627,2026-03-04 16:18:14.162714,ETH,SELL,9768.93,4
628,2026-03-04 16:18:24.162714,SOL,SELL,21193.54,3
629,2026-03-04 16:18:34.162714,ETH,SELL,38597.65,5
630,2026-03-04 16:18:44.162714,ETH,SELL,19062.65,3
631,2026-03-04 16:18:54.162714,ETH,SELL,27171.08,1
632,2026-03-04 16:19:04.162714,BTC,SELL,28722.66,2
633,2026-03-04 16:19:14.162714,BTC,SELL,13616.15,2
634,2026-03-04 16:19:24.162714,SOL,BUY,41080.98,4
635,2026-03-04 16:19:34.162714,SOL,BUY,24879.17,4
636,2026-03-04 16:19:44.162714,ETH,SELL,525.5,5
637,2026-03-04 16:19:54.162714,ETH,BUY,33668.55,3
638,2026-03-04 16:20:04.162714,BTC,BUY,6284.89,2
639,2026-03-04 16:20:14.162714,BTC,SELL,26731.88,1
640,2026-03-04 16:20:24.162714,ETH,BUY,40037.66,5
641,2026-03-04 16:20:34.162714,BTC,SELL,3608.12,2
642,2026-03-04 16:20:44.162714,ETH,SELL,29970.85,1
643,2026-03-04 16:20:54.162714,BTC,BUY,18843.0,1
644,2026-03-04 16:21:04.162714,ETH,SELL,15168.3,3
645,2026-03-04 16:21:14.162714,ETH,SELL,6858.85,2
646,2026-03-04 16:21:24.162714,BTC,BUY,27656.7,3
647,2026-03-04 16:21:34.162714,BTC,SELL,36153.61,5
648,2026-03-04 16:21:44.162714,ETH,SELL,11813.32,3
649,2026-03-04 16:21:54.162714,BTC,SELL,15625.2,2
650,2026-03-04 16:22:04.162714,SOL,SELL,12476.88,2
651,2026-03-04 16:22:14.162714,ETH,SELL,37288.11,3
652,2026-03-04 16:22:24.162714,SOL,BUY,23283.1,5
653,2026-03-04 16:22:34.162714,ETH,BUY,20211.0,3
654,2026-03-04 16:22:44.162714,ETH,SELL,7378.72,5
655,2026-03-04 16:22:54.162714,BTC,SELL,34752.08,2
656,2026-03-04 16:23:04.162714,BTC,SELL,7766.83,1
657,2026-03-04 16:23:14.162714,BTC,SELL,2199.81,4
658,2026-03-04 16:23:24.162714,SOL,SELL,12532.28,4
659,2026-03-04 16:23:34.162714,BTC,SELL,26764.23,5
660,2026-03-04 16:23:44.162714,BTC,BUY,7075.39,2
661,2026-03-04 16:23:54.162714,ETH,BUY,20259.05,4
662,2026-03-04 16:24:04.162714,ETH,BUY,10231.75,3
663,2026-03-04 16:24:14.162714,SOL,BUY,41556.54,2
664,2026-03-04 16:24:24.162714,BTC,BUY,29784.46,4
665,2026-03-04 16:24:34.162714,ETH,SELL,39543.77,2
666,2026-03-04 16:24:44.162714,SOL,BUY,4903.44,3
667,2026-03-04 16:24:54.162714,SOL,SELL,6003.02,2
668,2026-03-04 16:25:04.162714,ETH,SELL,20980.68,1
669,2026-03-04 16:25:14.162714,BTC,BUY,19375.0,5
670,2026-03-04 16:25:24.162714,ETH,SELL,28648.32,1
671,2026-03-04 16:25:34.162714,ETH,BUY,36700.81,2
672,2026-03-04 16:25:44.162714,ETH,SELL,7575.54,2
673,2026-03-04 16:25:54.162714,SOL,BUY,28586.33,4
674,2026-03-04 16:26:04.162714,SOL,SELL,30591.72,5
675,2026-03-04 16:26:14.162714,ETH,SELL,19912.93,1
676,2026-03-04 16:26:24.162714,SOL,BUY,43964.39,4
677,2026-03-04 16:26:34.162714,SOL,BUY,21983.59,4
678,2026-03-04 16:26:44.162714,ETH,BUY,33032.34,4
679,2026-03-04 16:26:54.162714,SOL,BUY,488.98,5
680,2026-03-04 16:27:04.162714,BTC,SELL,44717.56,2
681,2026-03-04 16:27:14.162714,SOL,SELL,18418.15,4
682,2026-03-04 16:27:24.162714,BTC,SELL,11144.42,3
683,2026-03-04 16:27:34.162714,ETH,BUY,19660.53,5
684,2026-03-04 16:27:44.162714,BTC,BUY,42606.93,5
685,2026-03-04 16:27:54.162714,SOL,SELL,20217.78,1
686,2026-03-04 16:28:04.162714,ETH,BUY,11273.11,3
687,2026-03-04 16:28:14.162714,BTC,BUY,6793.9,1
688,2026-03-04 16:28:24.162714,ETH,BUY,38474.61,3
689,2026-03-04 16:28:34.162714,SOL,SELL,9790.5,1
690,2026-03-04 16:28:44.162714,BTC,BUY,8754.37,2
691,2026-03-04 16:28:54.162714,BTC,SELL,33038.61,1
692,2026-03-04 16:29:04.162714,SOL,SELL,13634.37,2
693,2026-03-04 16:29:14.162714,SOL,BUY,44179.39,3
694,2026-03-04 16:29:24.162714,BTC,SELL,42727.49,2
695,2026-03-04 16:29:34.162714,BTC,SELL,5419.45,5
696,2026-03-04 16:29:44.162714,ETH,SELL,31043.39,1
697,2026-03-04 16:29:54.162714,BTC,BUY,28645.04,5
698,2026-03-04 16:30:04.162714,SOL,BUY,29171.09,4
699,2026-03-04 16:30:14.162714,ETH,BUY,43872.52,2
700,2026-03-04 16:30:24.162714,SOL,SELL,30104.3,5
701,2026-03-04 16:30:34.162714,SOL,SELL,922.51,4
702,2026-03-04 16:30:44.162714,ETH,BUY,28229.33,4
703,2026-03-04 16:30:54.162714,ETH,SELL,32182.82,4
704,2026-03-04 16:31:04.162714,SOL,BUY,8830.19,2
705,2026-03-04 16:31:14.162714,BTC,SELL,17230.92,4
706,2026-03-04 16:31:24.162714,BTC,SELL,43296.91,5
707,2026-03-04 16:31:34.162714,SOL,BUY,20945.29,4
708,2026-03-04 16:31:44.162714,BTC,BUY,23650.5,1
709,2026-03-04 16:31:54.162714,ETH,SELL,25336.36,5
710,2026-03-04 16:32:04.162714,BTC,SELL,28841.89,2
711,2026-03-04 16:32:14.162714,ETH,BUY,41851.38,1
712,2026-03-04 16:32:24.162714,SOL,BUY,6403.15,4
713,2026-03-04 16:32:34.162714,SOL,BUY,32029.02,3
714,2026-03-04 16:32:44.162714,BTC,BUY,10941.93,1
715,2026-03-04 16:32:54.162714,ETH,SELL,29437.5,5
716,2026-03-04 16:33:04.162714,ETH,BUY,4728.67,2
717,2026-03-04 16:33:14.162714,BTC,SELL,21462.83,5
718,2026-03-04 16:33:24.162714,SOL,SELL,1736.74,1
719,2026-03-04 16:33:34.162714,SOL,SELL,5999.78,4
720,2026-03-04 16:33:44.162714,SOL,SELL,20230.95,1
721,2026-03-04 16:33:54.162714,SOL,SELL,43727.98,5
722,2026-03-04 16:34:04.162714,BTC,SELL,29563.88,1
723,2026-03-04 16:34:14.162714,BTC,BUY,41708.51,5
724,2026-03-04 16:34:24.162714,SOL,BUY,989.99,4
725,2026-03-04 16:34:34.162714,BTC,BUY,25006.98,4
726,2026-03-04 16:34:44.162714,BTC,SELL,24755.24,2
727,2026-03-04 16:34:54.162714,BTC,SELL,28195.71,3
728,2026-03-04 16:35:04.162714,BTC,SELL,31176.6,2
729,2026-03-04 16:35:14.162714,SOL,BUY,2339.41,1
730,2026-03-04 16:35:24.162714,BTC,BUY,17391.72,3
731,2026-03-04 16:35:34.162714,SOL,SELL,10568.97,3
732,2026-03-04 16:35:44.162714,SOL,SELL,31507.48,1
733,2026-03-04 16:35:54.162714,SOL,SELL,1422.14,1
734,2026-03-04 16:36:04.162714,SOL,SELL,21494.43,4
735,2026-03-04 16:36:14.162714,SOL,SELL,18354.19,1
736,2026-03-04 16:36:24.162714,BTC,BUY,2467.61,5
737,2026-03-04 16:36:34.162714,BTC,BUY,41357.77,2
738,2026-03-04 16:36:44.162714,SOL,SELL,15546.53,5
739,2026-03-04 16:36:54.162714,BTC,SELL,44753.66,4
740,2026-03-04 16:37:04.162714,SOL,SELL,2219.27,2
741,2026-03-04 16:37:14.162714,BTC,SELL,29785.55,5
742,2026-03-04 16:37:24.162714,BTC,BUY,36807.17,2
743,2026-03-04 16:37:34.162714,ETH,BUY,25244.74,2
744,2026-03-04 16:37:44.162714,SOL,BUY,23533.85,4
745,2026-03-04 16:37:54.162714,SOL,BUY,19187.05,3
746,2026-03-04 16:38:04.162714,SOL,SELL,38393.31,1
747,2026-03-04 16:38:14.162714,ETH,BUY,7001.75,5
748,2026-03-04 16:38:24.162714,ETH,SELL,33652.54,2
749,2026-03-04 16:38:34.162714,ETH,SELL,7018.28,1
750,2026-03-04 16:38:44.162714,ETH,SELL,28703.39,4
751,2026-03-04 16:38:54.162714,SOL,SELL,15053.42,5
752,2026-03-04 16:39:04.162714,SOL,BUY,22523.24,2
753,2026-03-04 16:39:14.162714,BTC,SELL,26996.51,1
754,2026-03-04 16:39:24.162714,BTC,SELL,2669.94,2
755,2026-03-04 16:39:34.162714,ETH,SELL,3279.5,2
756,2026-03-04 16:39:44.162714,BTC,BUY,36080.42,2
757,2026-03-04 16:39:54.162714,BTC,BUY,20825.41,3
758,2026-03-04 16:40:04.162714,SOL,SELL,35661.87,2
759,2026-03-04 16:40:14.162714,ETH,SELL,27302.47,5
760,2026-03-04 16:40:24.162714,ETH,BUY,8560.97,2
761,2026-03-04 16:40:34.162714,SOL,BUY,32502.83,5
762,2026-03-04 16:40:44.162714,ETH,SELL,27514.89,5
763,2026-03-04 16:40:54.162714,SOL,BUY,35780.95,1
764,2026-03-04 16:41:04.162714,ETH,BUY,39702.05,3
765,2026-03-04 16:41:14.162714,ETH,BUY,21323.88,2
766,2026-03-04 16:41:24.162714,SOL,SELL,25355.18,5
767,2026-03-04 16:41:34.162714,ETH,SELL,34450.85,3
768,2026-03-04 16:41:44.162714,BTC,BUY,4639.46,1
769,2026-03-04 16:41:54.162714,SOL,SELL,41912.85,1
770,2026-03-04 16:42:04.162714,SOL,BUY,4600.96,1
771,2026-03-04 16:42:14.162714,BTC,SELL,6269.98,4
772,2026-03-04 16:42:24.162714,BTC,SELL,6314.44,4
773,2026-03-04 16:42:34.162714,ETH,BUY,23527.57,5
774,2026-03-04 16:42:44.162714,SOL,SELL,33154.58,4
775,2026-03-04 16:42:54.162714,ETH,BUY,42141.83,4
776,2026-03-04 16:43:04.162714,SOL,BUY,8764.95,1
777,2026-03-04 16:43:14.162714,ETH,SELL,19026.8,3
778,2026-03-04 16:43:24.162714,ETH,BUY,32321.39,3
779,2026-03-04 16:43:34.162714,ETH,SELL,21455.37,3
780,2026-03-04 16:43:44.162714,BTC,BUY,1250.12,2
781,2026-03-04 16:43:54.162714,ETH,SELL,12447.45,2
782,2026-03-04 16:44:04.162714,ETH,BUY,17930.12,3
783,2026-03-04 16:44:14.162714,ETH,SELL,265.31,2
784,2026-03-04 16:44:24.162714,BTC,SELL,22173.6,3
785,2026-03-04 16:44:34.162714,ETH,BUY,28076.57,2
786,2026-03-04 16:44:44.162714,BTC,SELL,16831.84,2
787,2026-03-04 16:44:54.162714,BTC,BUY,13558.78,1
788,2026-03-04 16:45:04.162714,ETH,SELL,2122.73,3
789,2026-03-04 16:45:14.162714,BTC,BUY,37436.46,3
790,2026-03-04 16:45:24.162714,SOL,SELL,37042.0,2
791,2026-03-04 16:45:34.162714,SOL,BUY,40671.69,2
792,2026-03-04 16:45:44.162714,BTC,BUY,17418.44,2
793,2026-03-04 16:45:54.162714,ETH,SELL,22895.46,5
794,2026-03-04 16:46:04.162714,ETH,BUY,40065.58,5
795,2026-03-04 16:46:14.162714,BTC,SELL,1061.64,2
796,2026-03-04 16:46:24.162714,BTC,BUY,18023.74,1
797,2026-03-04 16:46:34.162714,ETH,SELL,29275.61,4
798,2026-03-04 16:46:44.162714,BTC,SELL,34845.11,5
799,2026-03-04 16:46:54.162714,BTC,SELL,6024.73,3
800,2026-03-04 16:47:04.162714,BTC,BUY,36753.13,4
801,2026-03-04 16:47:14.162714,SOL,BUY,3297.19,3
802,2026-03-04 16:47:24.162714,SOL,SELL,23930.78,2
803,2026-03-04 16:47:34.162714,SOL,BUY,8481.33,3
804,2026-03-04 16:47:44.162714,ETH,SELL,35250.27,1
805,2026-03-04 16:47:54.162714,BTC,BUY,33203.91,3
806,2026-03-04 16:48:04.162714,SOL,BUY,3106.51,4
807,2026-03-04 16:48:14.162714,SOL,BUY,12410.57,5
808,2026-03-04 16:48:24.162714,ETH,BUY,43896.3,4
809,2026-03-04 16:48:34.162714,BTC,SELL,20901.61,4
810,2026-03-04 16:48:44.162714,ETH,SELL,13320.21,4
811,2026-03-04 16:48:54.162714,ETH,BUY,13172.5,4
812,2026-03-04 16:49:04.162714,ETH,BUY,2319.45,5
813,2026-03-04 16:49:14.162714,ETH,SELL,2357.63,2
814,2026-03-04 16:49:24.162714,BTC,BUY,11211.3,1
815,2026-03-04 16:49:34.162714,BTC,SELL,21812.7,5
816,2026-03-04 16:49:44.162714,SOL,SELL,23291.05,2
817,2026-03-04 16:49:54.162714,BTC,BUY,3254.36,4
818,2026-03-04 16:50:04.162714,BTC,SELL,37133.95,4
819,2026-03-04 16:50:14.162714,ETH,BUY,8154.49,4
820,2026-03-04 16:50:24.162714,BTC,BUY,5316.78,4
821,2026-03-04 16:50:34.162714,ETH,SELL,12275.49,3
822,2026-03-04 16:50:44.162714,BTC,SELL,19236.77,4
823,2026-03-04 16:50:54.162714,ETH,BUY,12499.27,1
824,2026-03-04 16:51:04.162714,SOL,BUY,36414.27,1
825,2026-03-04 16:51:14.162714,SOL,SELL,19488.45,3
826,2026-03-04 16:51:24.162714,ETH,SELL,40572.01,2
827,2026-03-04 16:51:34.162714,BTC,SELL,31700.63,5
828,2026-03-04 16:51:44.162714,SOL,SELL,11833.82,1
829,2026-03-04 16:51:54.162714,SOL,BUY,42685.28,3
830,2026-03-04 16:52:04.162714,SOL,SELL,6519.9,4
831,2026-03-04 16:52:14.162714,ETH,BUY,24929.78,5
832,2026-03-04 16:52:24.162714,SOL,BUY,17578.97,1
833,2026-03-04 16:52:34.162714,SOL,SELL,37195.42,3
834,2026-03-04 16:52:44.162714,BTC,BUY,13572.32,1
835,2026-03-04 16:52:54.162714,SOL,BUY,9287.07,1
836,2026-03-04 16:53:04.162714,ETH,SELL,25070.32,2
837,2026-03-04 16:53:14.162714,ETH,BUY,23138.57,4
838,2026-03-04 16:53:24.162714,BTC,BUY,20515.03,3
839,2026-03-04 16:53:34.162714,BTC,BUY,6045.58,2
840,2026-03-04 16:53:44.162714,ETH,BUY,31285.4,2
841,2026-03-04 16:53:54.162714,ETH,BUY,10314.51,1
842,2026-03-04 16:54:04.162714,SOL,BUY,12172.58,1
843,2026-03-04 16:54:14.162714,ETH,SELL,41870.09,2
844,2026-03-04 16:54:24.162714,ETH,BUY,17193.16,1
845,2026-03-04 16:54:34.162714,ETH,BUY,9479.41,5
846,2026-03-04 16:54:44.162714,BTC,SELL,35544.91,4
847,2026-03-04 16:54:54.162714,SOL,SELL,22006.15,1
848,2026-03-04 16:55:04.162714,BTC,BUY,27541.69,1
849,2026-03-04 16:55:14.162714,ETH,SELL,39139.02,2
850,2026-03-04 16:55:24.162714,BTC,SELL,17373.44,2
851,2026-03-04 16:55:34.162714,BTC,SELL,20641.37,4
852,2026-03-04 16:55:44.162714,SOL,BUY,3879.64,3
853,2026-03-04 16:55:54.162714,SOL,SELL,28358.78,5
854,2026-03-04 16:56:04.162714,ETH,BUY,10920.55,1
855,2026-03-04 16:56:14.162714,BTC,SELL,17775.58,1
856,2026-03-04 16:56:24.162714,BTC,BUY,20148.68,2
857,2026-03-04 16:56:34.162714,ETH,SELL,13168.07,4
858,2026-03-04 16:56:44.162714,SOL,BUY,11500.1,1
859,2026-03-04 16:56:54.162714,SOL,BUY,8021.38,5
860,2026-03-04 16:57:04.162714,BTC,SELL,24742.5,2
861,2026-03-04 16:57:14.162714,ETH,BUY,17824.8,4
862,2026-03-04 16:57:24.162714,BTC,BUY,17698.75,4
863,2026-03-04 16:57:34.162714,SOL,SELL,9270.37,1
864,2026-03-04 16:57:44.162714,SOL,BUY,14712.66,2
865,2026-03-04 16:57:54.162714,BTC,BUY,5131.08,5
866,2026-03-04 16:58:04.162714,BTC,SELL,31328.01,4
867,2026-03-04 16:58:14.162714,SOL,SELL,35240.48,1
868,2026-03-04 16:58:24.162714,BTC,BUY,762.59,2
869,2026-03-04 16:58:34.162714,BTC,BUY,1598.48,2
870,2026-03-04 16:58:44.162714,BTC,BUY,4579.99,1
871,2026-03-04 16:58:54.162714,ETH,BUY,11389.46,3
872,2026-03-04 16:59:04.162714,BTC,SELL,23108.03,1
873,2026-03-04 16:59:14.162714,BTC,SELL,29434.63,5
874,2026-03-04 16:59:24.162714,SOL,SELL,6453.43,3
875,2026-03-04 16:59:34.162714,SOL,BUY,21340.9,3
876,2026-03-04 16:59:44.162714,SOL,SELL,36021.44,2
877,2026-03-04 16:59:54.162714,SOL,SELL,21979.69,1
878,2026-03-04 17:00:04.162714,BTC,SELL,10957.32,5
879,2026-03-04 17:00:14.162714,ETH,BUY,3063.97,4
880,2026-03-04 17:00:24.162714,SOL,BUY,17835.84,2
881,2026-03-04 17:00:34.162714,BTC,BUY,14804.64,2
882,2026-03-04 17:00:44.162714,BTC,SELL,38099.35,1
883,2026-03-04 17:00:54.162714,BTC,SELL,34904.53,5
884,2026-03-04 17:01:04.162714,BTC,SELL,11434.92,5
885,2026-03-04 17:01:14.162714,ETH,SELL,44733.15,5
886,2026-03-04 17:01:24.162714,ETH,BUY,42567.2,5
887,2026-03-04 17:01:34.162714,ETH,BUY,6277.82,3
888,2026-03-04 17:01:44.162714,SOL,SELL,12191.49,5
889,2026-03-04 17:01:54.162714,ETH,SELL,43609.88,1
890,2026-03-04 17:02:04.162714,SOL,BUY,40489.44,1
891,2026-03-04 17:02:14.162714,ETH,BUY,19123.82,2
892,2026-03-04 17:02:24.162714,ETH,BUY,42369.5,5
893,2026-03-04 17:02:34.162714,ETH,SELL,21850.8,2
894,2026-03-04 17:02:44.162714,BTC,BUY,39961.13,3
895,2026-03-04 17:02:54.162714,ETH,BUY,22696.73,1
896,2026-03-04 17:03:04.162714,BTC,BUY,2267.02,2
897,2026-03-04 17:03:14.162714,SOL,SELL,9472.55,1
898,2026-03-04 17:03:24.162714,ETH,BUY,26249.13,1
899,2026-03-04 17:03:34.162714,BTC,BUY,17963.11,4
900,2026-03-04 17:03:44.162714,SOL,BUY,16992.42,1
901,2026-03-04 17:03:54.162714,SOL,SELL,23216.27,3
902,2026-03-04 17:04:04.162714,BTC,BUY,30325.08,1
903,2026-03-04 17:04:14.162714,BTC,BUY,20453.44,4
904,2026-03-04 17:04:24.162714,SOL,SELL,19066.35,2
905,2026-03-04 17:04:34.162714,SOL,BUY,18464.79,4
906,2026-03-04 17:04:44.162714,ETH,BUY,29290.73,5
907,2026-03-04 17:04:54.162714,SOL,BUY,18350.11,5
908,2026-03-04 17:05:04.162714,BTC,SELL,1211.26,2
909,2026-03-04 17:05:14.162714,SOL,SELL,8474.87,1
910,2026-03-04 17:05:24.162714,SOL,SELL,3498.72,2
911,2026-03-04 17:05:34.162714,ETH,SELL,19134.15,4
912,2026-03-04 17:05:44.162714,BTC,SELL,31306.82,4
913,2026-03-04 17:05:54.162714,BTC,SELL,33276.29,1
914,2026-03-04 17:06:04.162714,SOL,SELL,28558.96,1
915,2026-03-04 17:06:14.162714,SOL,BUY,36251.06,1
916,2026-03-04 17:06:24.162714,SOL,BUY,22708.29,3
917,2026-03-04 17:06:34.162714,ETH,BUY,1835.53,5
918,2026-03-04 17:06:44.162714,ETH,BUY,36892.15,3
919,2026-03-04 17:06:54.162714,BTC,SELL,364.76,2
920,2026-03-04 17:07:04.162714,SOL,SELL,6697.53,5
921,2026-03-04 17:07:14.162714,BTC,SELL,4083.09,5
922,2026-03-04 17:07:24.162714,SOL,BUY,37168.31,5
923,2026-03-04 17:07:34.162714,ETH,BUY,29634.06,4
924,2026-03-04 17:07:44.162714,SOL,BUY,26259.23,3
925,2026-03-04 17:07:54.162714,BTC,SELL,14824.96,4
926,2026-03-04 17:08:04.162714,ETH,SELL,41993.91,4
927,2026-03-04 17:08:14.162714,BTC,SELL,32084.68,3
928,2026-03-04 17:08:24.162714,ETH,BUY,12064.54,2
929,2026-03-04 17:08:34.162714,BTC,BUY,25193.03,3
930,2026-03-04 17:08:44.162714,BTC,BUY,22984.42,4
931,2026-03-04 17:08:54.162714,BTC,BUY,443.24,3
932,2026-03-04 17:09:04.162714,BTC,BUY,34782.08,5
933,2026-03-04 17:09:14.162714,SOL,BUY,9793.87,3
934,2026-03-04 17:09:24.162714,SOL,BUY,33335.59,5
935,2026-03-04 17:09:34.162714,BTC,BUY,17815.4,2
936,2026-03-04 17:09:44.162714,BTC,SELL,40759.03,1
937,2026-03-04 17:09:54.162714,SOL,BUY,22516.93,1
938,2026-03-04 17:10:04.162714,ETH,BUY,31662.64,4
939,2026-03-04 17:10:14.162714,BTC,SELL,10100.51,2
940,2026-03-04 17:10:24.162714,BTC,SELL,32581.97,5
941,2026-03-04 17:10:34.162714,SOL,BUY,31399.43,1
942,2026-03-04 17:10:44.162714,SOL,SELL,2362.93,1
943,2026-03-04 17:10:54.162714,BTC,BUY,11298.53,4
944,2026-03-04 17:11:04.162714,ETH,BUY,16141.46,4
945,2026-03-04 17:11:14.162714,BTC,BUY,5619.21,2
946,2026-03-04 17:11:24.162714,ETH,SELL,21892.97,3
947,2026-03-04 17:11:34.162714,SOL,BUY,42768.59,4
948,2026-03-04 17:11:44.162714,SOL,BUY,33064.47,1
949,2026-03-04 17:11:54.162714,SOL,SELL,14787.31,4
950,2026-03-04 17:12:04.162714,ETH,BUY,41906.23,1
951,2026-03-04 17:12:14.162714,SOL,BUY,19897.59,2
952,2026-03-04 17:12:24.162714,ETH,BUY,43623.79,2
953,2026-03-04 17:12:34.162714,BTC,BUY,36814.16,3
954,2026-03-04 17:12:44.162714,ETH,BUY,22719.72,2
955,2026-03-04 17:12:54.162714,SOL,BUY,39038.81,5
956,2026-03-04 17:13:04.162714,ETH,BUY,196.37,5
957,2026-03-04 17:13:14.162714,ETH,SELL,21271.46,5
958,2026-03-04 17:13:24.162714,ETH,BUY,42338.69,1
959,2026-03-04 17:13:34.162714,ETH,SELL,23191.77,2
960,2026-03-04 17:13:44.162714,ETH,SELL,21918.8,1
961,2026-03-04 17:13:54.162714,ETH,SELL,9172.98,5
962,2026-03-04 17:14:04.162714,BTC,SELL,27215.26,2
963,2026-03-04 17:14:14.162714,BTC,SELL,26567.02,5
964,2026-03-04 17:14:24.162714,ETH,SELL,27281.2,5
965,2026-03-04 17:14:34.162714,SOL,BUY,28420.85,3
966,2026-03-04 17:14:44.162714,SOL,BUY,20945.62,3
967,2026-03-04 17:14:54.162714,BTC,BUY,5061.42,4
968,2026-03-04 17:15:04.162714,SOL,SELL,9391.62,4
969,2026-03-04 17:15:14.162714,ETH,BUY,19397.51,3
970,2026-03-04 17:15:24.162714,BTC,SELL,3149.43,3
971,2026-03-04 17:15:34.162714,ETH,BUY,33426.05,3
972,2026-03-04 17:15:44.162714,SOL,BUY,31704.71,1
973,2026-03-04 17:15:54.162714,SOL,BUY,27863.97,5
974,2026-03-04 17:16:04.162714,BTC,BUY,22629.48,4
975,2026-03-04 17:16:14.162714,SOL,SELL,6267.5,5
976,2026-03-04 17:16:24.162714,BTC,SELL,2144.22,4
977,2026-03-04 17:16:34.162714,BTC,SELL,23702.98,1
978,2026-03-04 17:16:44.162714,SOL,BUY,20670.82,3
979,2026-03-04 17:16:54.162714,SOL,SELL,4493.49,1
980,2026-03-04 17:17:04.162714,SOL,BUY,10303.29,1
981,2026-03-04 17:17:14.162714,BTC,BUY,21879.31,1
982,2026-03-04 17:17:24.162714,ETH,BUY,37370.32,4
983,2026-03-04 17:17:34.162714,SOL,BUY,34295.41,5
984,2026-03-04 17:17:44.162714,SOL,SELL,10457.63,1
985,2026-03-04 17:17:54.162714,ETH,SELL,12967.57,3
986,2026-03-04 17:18:04.162714,BTC,SELL,6870.59,1
987,2026-03-04 17:18:14.162714,ETH,SELL,23204.28,1
988,2026-03-04 17:18:24.162714,SOL,SELL,24276.08,3
989,2026-03-04 17:18:34.162714,ETH,BUY,26819.48,5
990,2026-03-04 17:18:44.162714,SOL,SELL,37225.2,5
991,2026-03-04 17:18:54.162714,SOL,SELL,42403.32,5
992,2026-03-04 17:19:04.162714,ETH,BUY,17468.44,4
993,2026-03-04 17:19:14.162714,ETH,SELL,27551.43,4
994,2026-03-04 17:19:24.162714,SOL,SELL,15011.14,5
995,2026-03-04 17:19:34.162714,BTC,SELL,36319.42,4
996,2026-03-04 17:19:44.162714,ETH,SELL,32319.89,4
997,2026-03-04 17:19:54.162714,BTC,SELL,1212.77,2
998,2026-03-04 17:20:04.162714,SOL,BUY,30930.38,4
999,2026-03-04 17:20:14.162714,BTC,BUY,28294.77,3
1000,2026-03-04 17:20:24.162714,SOL,SELL,40672.94,2
1001,2026-03-04 17:20:34.162714,SOL,BUY,44069.03,5
1002,2026-03-04 17:20:44.162714,BTC,SELL,43273.94,2
1003,2026-03-04 17:20:54.162714,SOL,BUY,21071.57,3
1004,2026-03-04 17:21:04.162714,BTC,SELL,41963.68,3
1005,2026-03-04 17:21:14.162714,SOL,BUY,27987.84,2
1006,2026-03-04 17:21:24.162714,SOL,BUY,333.68,5
1007,2026-03-04 17:21:34.162714,SOL,SELL,860.26,4
1008,2026-03-04 17:21:44.162714,SOL,BUY,37993.54,5
1009,2026-03-04 17:21:54.162714,ETH,SELL,9197.23,3
1010,2026-03-04 17:22:04.162714,BTC,BUY,32953.12,4
1011,2026-03-04 17:22:14.162714,ETH,SELL,9397.27,4
1012,2026-03-04 17:22:24.162714,BTC,SELL,43594.28,2
1013,2026-03-04 17:22:34.162714,ETH,SELL,32240.78,1
1014,2026-03-04 17:22:44.162714,SOL,SELL,19009.86,4
1015,2026-03-04 17:22:54.162714,ETH,SELL,19023.98,2
1016,2026-03-04 17:23:04.162714,ETH,BUY,39447.0,1
1017,2026-03-04 17:23:14.162714,SOL,SELL,8938.97,3
1018,2026-03-04 17:23:24.162714,ETH,BUY,34040.92,3
1019,2026-03-04 17:23:34.162714,BTC,SELL,1000.28,4
1020,2026-03-04 17:23:44.162714,SOL,BUY,7403.81,1
1021,2026-03-04 17:23:54.162714,SOL,SELL,16839.46,3
1022,2026-03-04 17:24:04.162714,ETH,SELL,755.6,4
1023,2026-03-04 17:24:14.162714,BTC,BUY,6524.79,4
1024,2026-03-04 17:24:24.162714,SOL,SELL,29291.48,1
1025,2026-03-04 17:24:34.162714,ETH,SELL,28150.94,2
1026,2026-03-04 17:24:44.162714,BTC,BUY,1869.94,1
1027,2026-03-04 17:24:54.162714,SOL,SELL,42902.89,4
1028,2026-03-04 17:25:04.162714,SOL,BUY,22965.5,2
1029,2026-03-04 17:25:14.162714,BTC,SELL,36210.15,4
1030,2026-03-04 17:25:24.162714,BTC,SELL,42362.02,4
1031,2026-03-04 17:25:34.162714,BTC,SELL,20288.24,1
1032,2026-03-04 17:25:44.162714,BTC,BUY,30236.61,2
1033,2026-03-04 17:25:54.162714,ETH,SELL,9738.37,3
1034,2026-03-04 17:26:04.162714,BTC,SELL,26271.41,4
1035,2026-03-04 17:26:14.162714,ETH,SELL,36732.64,2
1036,2026-03-04 17:26:24.162714,SOL,SELL,40485.12,4
1037,2026-03-04 17:26:34.162714,ETH,BUY,25020.65,4
1038,2026-03-04 17:26:44.162714,BTC,BUY,8279.69,5
1039,2026-03-04 17:26:54.162714,SOL,BUY,10640.15,2
1040,2026-03-04 17:27:04.162714,ETH,SELL,28383.46,2
1041,2026-03-04 17:27:14.162714,ETH,BUY,38191.04,2
1042,2026-03-04 17:27:24.162714,BTC,SELL,24354.83,2
1043,2026-03-04 17:27:34.162714,ETH,SELL,17779.41,2
1044,2026-03-04 17:27:44.162714,BTC,BUY,19184.2,1
1045,2026-03-04 17:27:54.162714,ETH,SELL,9191.23,3
1046,2026-03-04 17:28:04.162714,SOL,BUY,4958.38,2
1047,2026-03-04 17:28:14.162714,ETH,BUY,39242.18,1
1048,2026-03-04 17:28:24.162714,BTC,BUY,37999.28,5
1049,2026-03-04 17:28:34.162714,SOL,BUY,32977.72,2
1050,2026-03-04 17:28:44.162714,SOL,SELL,24241.21,2
1051,2026-03-04 17:28:54.162714,SOL,SELL,21462.14,3
1052,2026-03-04 17:29:04.162714,BTC,BUY,34338.62,2
1053,2026-03-04 17:29:14.162714,ETH,BUY,28342.61,1
1054,2026-03-04 17:29:24.162714,SOL,SELL,27936.05,1
1055,2026-03-04 17:29:34.162714,ETH,SELL,9140.42,1
1056,2026-03-04 17:29:44.162714,SOL,BUY,19357.37,3
1057,2026-03-04 17:29:54.162714,SOL,BUY,20813.52,2
1058,2026-03-04 17:30:04.162714,ETH,SELL,19437.77,1
1059,2026-03-04 17:30:14.162714,ETH,BUY,5531.21,4
1060,2026-03-04 17:30:24.162714,BTC,SELL,9388.17,4
1061,2026-03-04 17:30:34.162714,ETH,SELL,492.72,4
1062,2026-03-04 17:30:44.162714,BTC,SELL,10467.16,3
1063,2026-03-04 17:30:54.162714,SOL,BUY,14341.31,3
1064,2026-03-04 17:31:04.162714,ETH,SELL,44419.03,1
1065,2026-03-04 17:31:14.162714,SOL,BUY,21152.81,1
1066,2026-03-04 17:31:24.162714,SOL,BUY,5137.07,4
1067,2026-03-04 17:31:34.162714,BTC,BUY,23435.97,2
1068,2026-03-04 17:31:44.162714,SOL,SELL,34783.19,3
1069,2026-03-04 17:31:54.162714,SOL,SELL,29945.27,4
1070,2026-03-04 17:32:04.162714,SOL,SELL,42283.26,4
1071,2026-03-04 17:32:14.162714,SOL,SELL,28424.54,4
1072,2026-03-04 17:32:24.162714,BTC,SELL,12401.43,2
1073,2026-03-04 17:32:34.162714,BTC,SELL,15795.71,3
1074,2026-03-04 17:32:44.162714,BTC,BUY,16496.62,2
1075,2026-03-04 17:32:54.162714,SOL,BUY,13488.15,5
1076,2026-03-04 17:33:04.162714,BTC,SELL,821.13,5
1077,2026-03-04 17:33:14.162714,BTC,SELL,43997.64,2
1078,2026-03-04 17:33:24.162714,ETH,BUY,37513.18,1
1079,2026-03-04 17:33:34.162714,ETH,BUY,19501.79,3
1080,2026-03-04 17:33:44.162714,ETH,BUY,29852.62,1
1081,2026-03-04 17:33:54.162714,ETH,SELL,2858.33,5
1082,2026-03-04 17:34:04.162714,SOL,SELL,43104.41,1
1083,2026-03-04 17:34:14.162714,ETH,BUY,31376.15,3
1084,2026-03-04 17:34:24.162714,SOL,BUY,35249.43,1
1085,2026-03-04 17:34:34.162714,SOL,BUY,40135.86,1
1086,2026-03-04 17:34:44.162714,SOL,SELL,6486.0,1
1087,2026-03-04 17:34:54.162714,SOL,BUY,39993.2,2
1088,2026-03-04 17:35:04.162714,BTC,SELL,4779.7,3
1089,2026-03-04 17:35:14.162714,BTC,BUY,7185.32,4
1090,2026-03-04 17:35:24.162714,SOL,SELL,34337.91,2
1091,2026-03-04 17:35:34.162714,ETH,BUY,6909.45,3
1092,2026-03-04 17:35:44.162714,SOL,BUY,2430.32,3
1093,2026-03-04 17:35:54.162714,ETH,SELL,33141.19,2
1094,2026-03-04 17:36:04.162714,ETH,BUY,25836.81,4
1095,2026-03-04 17:36:14.162714,BTC,BUY,19879.49,1
1096,2026-03-04 17:36:24.162714,ETH,SELL,27152.55,5
1097,2026-03-04 17:36:34.162714,SOL,BUY,33671.53,5
1098,2026-03-04 17:36:44.162714,ETH,BUY,24580.17,2
1099,2026-03-04 17:36:54.162714,ETH,BUY,17065.67,3
1100,2026-03-04 17:37:04.162714,BTC,SELL,42148.39,5
1101,2026-03-04 17:37:14.162714,ETH,BUY,40099.5,4
1102,2026-03-04 17:37:24.162714,BTC,SELL,11375.19,3
1103,2026-03-04 17:37:34.162714,SOL,SELL,23810.31,4
1104,2026-03-04 17:37:44.162714,SOL,BUY,43279.52,1
1105,2026-03-04 17:37:54.162714,ETH,SELL,20606.91,3
1106,2026-03-04 17:38:04.162714,ETH,BUY,3273.25,3
1107,2026-03-04 17:38:14.162714,SOL,BUY,10701.1,4
1108,2026-03-04 17:38:24.162714,BTC,SELL,30314.99,5
1109,2026-03-04 17:38:34.162714,BTC,SELL,18871.96,5
1110,2026-03-04 17:38:44.162714,SOL,SELL,18266.84,1
1111,2026-03-04 17:38:54.162714,ETH,SELL,36214.89,1
1112,2026-03-04 17:39:04.162714,ETH,BUY,2290.3,3
1113,2026-03-04 17:39:14.162714,SOL,SELL,34767.31,4
1114,2026-03-04 17:39:24.162714,SOL,BUY,44890.39,2
1115,2026-03-04 17:39:34.162714,ETH,BUY,2332.24,2
1116,2026-03-04 17:39:44.162714,SOL,BUY,36841.82,1
1117,2026-03-04 17:39:54.162714,SOL,BUY,22952.4,1
1118,2026-03-04 17:40:04.162714,ETH,SELL,29983.33,1
1119,2026-03-04 17:40:14.162714,ETH,BUY,29120.33,2
1120,2026-03-04 17:40:24.162714,BTC,BUY,18677.32,1
1121,2026-03-04 17:40:34.162714,ETH,SELL,41977.31,5
1122,2026-03-04 17:40:44.162714,SOL,BUY,41479.74,4
1123,2026-03-04 17:40:54.162714,ETH,BUY,9609.61,1
1124,2026-03-04 17:41:04.162714,ETH,SELL,6580.3,3
1125,2026-03-04 17:41:14.162714,ETH,SELL,21955.85,3
1126,2026-03-04 17:41:24.162714,BTC,BUY,36431.14,5
1127,2026-03-04 17:41:34.162714,SOL,BUY,4557.21,4
1128,2026-03-04 17:41:44.162714,BTC,SELL,4636.23,5
1129,2026-03-04 17:41:54.162714,BTC,BUY,23465.31,4
1130,2026-03-04 17:42:04.162714,ETH,SELL,40948.2,5
1131,2026-03-04 17:42:14.162714,ETH,SELL,15439.4,4
1132,2026-03-04 17:42:24.162714,ETH,BUY,5001.31,2
1133,2026-03-04 17:42:34.162714,SOL,BUY,17518.79,5
1134,2026-03-04 17:42:44.162714,ETH,SELL,44268.06,4
1135,2026-03-04 17:42:54.162714,SOL,BUY,18209.79,4
1136,2026-03-04 17:43:04.162714,BTC,BUY,35754.1,2
1137,2026-03-04 17:43:14.162714,SOL,SELL,6881.48,2
1138,2026-03-04 17:43:24.162714,BTC,BUY,23155.95,3
1139,2026-03-04 17:43:34.162714,SOL,BUY,21402.57,3
1140,2026-03-04 17:43:44.162714,SOL,SELL,37531.9,2
1141,2026-03-04 17:43:54.162714,SOL,SELL,29262.4,4
1142,2026-03-04 17:44:04.162714,SOL,BUY,30292.71,3
1143,2026-03-04 17:44:14.162714,BTC,BUY,18335.8,2
1144,2026-03-04 17:44:24.162714,SOL,BUY,221.41,2
1145,2026-03-04 17:44:34.162714,ETH,SELL,86.4,3
1146,2026-03-04 17:44:44.162714,BTC,BUY,30057.52,1
1147,2026-03-04 17:44:54.162714,BTC,BUY,8754.56,5
1148,2026-03-04 17:45:04.162714,SOL,BUY,15016.76,4
1149,2026-03-04 17:45:14.162714,ETH,SELL,17068.23,5
1150,2026-03-04 17:45:24.162714,ETH,SELL,21113.76,5
1151,2026-03-04 17:45:34.162714,BTC,SELL,26782.59,5
1152,2026-03-04 17:45:44.162714,SOL,BUY,43672.89,1
1153,2026-03-04 17:45:54.162714,ETH,SELL,23691.23,4
1154,2026-03-04 17:46:04.162714,ETH,SELL,38366.68,3
1155,2026-03-04 17:46:14.162714,ETH,BUY,32902.96,1
1156,2026-03-04 17:46:24.162714,ETH,SELL,22525.9,1
1157,2026-03-04 17:46:34.162714,BTC,BUY,3065.96,5
1158,2026-03-04 17:46:44.162714,BTC,BUY,35069.26,4
1159,2026-03-04 17:46:54.162714,BTC,BUY,39502.14,4
1160,2026-03-04 17:47:04.162714,BTC,SELL,21868.94,1
1161,2026-03-04 17:47:14.162714,BTC,SELL,38905.6,3
1162,2026-03-04 17:47:24.162714,ETH,SELL,16720.02,1
1163,2026-03-04 17:47:34.162714,ETH,BUY,1256.26,1
1164,2026-03-04 17:47:44.162714,BTC,BUY,22163.61,2
1165,2026-03-04 17:47:54.162714,BTC,SELL,43272.97,4
1166,2026-03-04 17:48:04.162714,BTC,BUY,29878.07,2
1167,2026-03-04 17:48:14.162714,SOL,SELL,21453.79,4
1168,2026-03-04 17:48:24.162714,SOL,BUY,4176.59,1
1169,2026-03-04 17:48:34.162714,ETH,BUY,40438.18,3
1170,2026-03-04 17:48:44.162714,ETH,BUY,39499.92,1
1171,2026-03-04 17:48:54.162714,ETH,BUY,10139.17,5
1172,2026-03-04 17:49:04.162714,ETH,SELL,27897.9,3
1173,2026-03-04 17:49:14.162714,SOL,SELL,24941.98,5
1174,2026-03-04 17:49:24.162714,BTC,BUY,5820.72,4
1175,2026-03-04 17:49:34.162714,ETH,SELL,6266.66,5
1176,2026-03-04 17:49:44.162714,BTC,BUY,24924.08,1
1177,2026-03-04 17:49:54.162714,ETH,BUY,41778.28,2
1178,2026-03-04 17:50:04.162714,SOL,BUY,2548.09,3
1179,2026-03-04 17:50:14.162714,BTC,BUY,12087.33,4
1180,2026-03-04 17:50:24.162714,BTC,SELL,42287.21,3
1181,2026-03-04 17:50:34.162714,SOL,SELL,38167.85,5
1182,2026-03-04 17:50:44.162714,ETH,SELL,10257.34,4
1183,2026-03-04 17:50:54.162714,ETH,SELL,3945.44,3
1184,2026-03-04 17:51:04.162714,ETH,SELL,25716.54,5
1185,2026-03-04 17:51:14.162714,SOL,BUY,9414.68,3
1186,2026-03-04 17:51:24.162714,SOL,SELL,19569.31,4
1187,2026-03-04 17:51:34.162714,BTC,BUY,41723.24,2
1188,2026-03-04 17:51:44.162714,ETH,SELL,8273.23,1
1189,2026-03-04 17:51:54.162714,SOL,BUY,35827.94,5
1190,2026-03-04 17:52:04.162714,SOL,SELL,28811.32,2
1191,2026-03-04 17:52:14.162714,SOL,SELL,15544.3,3
1192,2026-03-04 17:52:24.162714,BTC,BUY,16928.17,3
1193,2026-03-04 17:52:34.162714,BTC,SELL,13266.75,3
1194,2026-03-04 17:52:44.162714,ETH,BUY,25863.71,1
1195,2026-03-04 17:52:54.162714,BTC,BUY,34645.75,2
1196,2026-03-04 17:53:04.162714,BTC,SELL,24617.64,3
1197,2026-03-04 17:53:14.162714,ETH,BUY,39153.41,1
1198,2026-03-04 17:53:24.162714,SOL,SELL,30320.51,5
1199,2026-03-04 17:53:34.162714,ETH,SELL,21089.73,3
1200,2026-03-04 17:53:44.162714,SOL,SELL,28807.61,3
1201,2026-03-04 17:53:54.162714,BTC,SELL,35625.37,1
1202,2026-03-04 17:54:04.162714,ETH,SELL,15218.1,1
1203,2026-03-04 17:54:14.162714,SOL,SELL,29079.15,3
1204,2026-03-04 17:54:24.162714,ETH,SELL,22635.62,1
1205,2026-03-04 17:54:34.162714,BTC,BUY,21762.74,2
1206,2026-03-04 17:54:44.162714,SOL,BUY,37874.93,2
1207,2026-03-04 17:54:54.162714,SOL,SELL,28750.36,1
1208,2026-03-04 17:55:04.162714,ETH,BUY,20075.0,5
1209,2026-03-04 17:55:14.162714,BTC,BUY,33402.4,4
1210,2026-03-04 17:55:24.162714,ETH,SELL,41549.7,4
1211,2026-03-04 17:55:34.162714,SOL,SELL,13284.5,4
1212,2026-03-04 17:55:44.162714,BTC,BUY,24521.11,5
1213,2026-03-04 17:55:54.162714,SOL,SELL,1950.96,2
1214,2026-03-04 17:56:04.162714,BTC,BUY,10521.83,2
1215,2026-03-04 17:56:14.162714,SOL,BUY,12704.49,1
1216,2026-03-04 17:56:24.162714,ETH,SELL,9392.45,5
1217,2026-03-04 17:56:34.162714,ETH,BUY,32883.08,1
1218,2026-03-04 17:56:44.162714,ETH,BUY,27496.17,4
1219,2026-03-04 17:56:54.162714,SOL,SELL,4368.5,1
1220,2026-03-04 17:57:04.162714,SOL,SELL,5957.36,5
1221,2026-03-04 17:57:14.162714,ETH,SELL,25353.24,1
1222,2026-03-04 17:57:24.162714,BTC,SELL,43130.34,2
1223,2026-03-04 17:57:34.162714,BTC,BUY,1796.08,2
1224,2026-03-04 17:57:44.162714,SOL,SELL,28559.38,2
1225,2026-03-04 17:57:54.162714,BTC,BUY,821.45,3
1226,2026-03-04 17:58:04.162714,SOL,BUY,38000.08,2
1227,2026-03-04 17:58:14.162714,ETH,SELL,10763.48,2
1228,2026-03-04 17:58:24.162714,ETH,BUY,12450.13,1
1229,2026-03-04 17:58:34.162714,BTC,BUY,1639.75,1
1230,2026-03-04 17:58:44.162714,ETH,BUY,4582.68,3
1231,2026-03-04 17:58:54.162714,SOL,SELL,9681.79,1
1232,2026-03-04 17:59:04.162714,BTC,BUY,16313.16,1
1233,2026-03-04 17:59:14.162714,SOL,SELL,19631.82,2
1234,2026-03-04 17:59:24.162714,ETH,BUY,29510.71,5
1235,2026-03-04 17:59:34.162714,ETH,BUY,25967.33,3
1236,2026-03-04 17:59:44.162714,SOL,BUY,43090.3,4
1237,2026-03-04 17:59:54.162714,BTC,SELL,11507.09,3
1238,2026-03-04 18:00:04.162714,BTC,SELL,25839.29,5
1239,2026-03-04 18:00:14.162714,SOL,SELL,22650.99,4
1240,2026-03-04 18:00:24.162714,ETH,BUY,14776.99,2
1241,2026-03-04 18:00:34.162714,ETH,SELL,16827.17,2
1242,2026-03-04 18:00:44.162714,ETH,BUY,3461.3,1
1243,2026-03-04 18:00:54.162714,BTC,SELL,11902.48,3
1244,2026-03-04 18:01:04.162714,BTC,SELL,12005.71,1
1245,2026-03-04 18:01:14.162714,SOL,BUY,12432.63,4
1246,2026-03-04 18:01:24.162714,BTC,BUY,44954.99,1
1247,2026-03-04 18:01:34.162714,ETH,BUY,38735.68,1
1248,2026-03-04 18:01:44.162714,ETH,BUY,22083.0,2
1249,2026-03-04 18:01:54.162714,SOL,BUY,8407.49,2
1250,2026-03-04 18:02:04.162714,BTC,SELL,25917.34,4
1251,2026-03-04 18:02:14.162714,SOL,BUY,5884.68,3
1252,2026-03-04 18:02:24.162714,SOL,SELL,8237.13,2
1253,2026-03-04 18:02:34.162714,ETH,SELL,40485.68,5
1254,2026-03-04 18:02:44.162714,ETH,SELL,39133.48,1
1255,2026-03-04 18:02:54.162714,SOL,BUY,3071.09,1
1256,2026-03-04 18:03:04.162714,BTC,BUY,7456.35,5
1257,2026-03-04 18:03:14.162714,BTC,BUY,7447.05,3
1258,2026-03-04 18:03:24.162714,SOL,SELL,12638.73,5
1259,2026-03-04 18:03:34.162714,BTC,SELL,14213.45,4
1260,2026-03-04 18:03:44.162714,ETH,BUY,28708.98,4
1261,2026-03-04 18:03:54.162714,ETH,SELL,22924.17,4
1262,2026-03-04 18:04:04.162714,BTC,BUY,19408.07,2
1263,2026-03-04 18:04:14.162714,BTC,SELL,32307.05,1
1264,2026-03-04 18:04:24.162714,BTC,BUY,39067.39,1
1265,2026-03-04 18:04:34.162714,SOL,BUY,5913.99,2
1266,2026-03-04 18:04:44.162714,ETH,BUY,19490.81,1
1267,2026-03-04 18:04:54.162714,SOL,BUY,36279.3,2
1268,2026-03-04 18:05:04.162714,ETH,BUY,27794.39,5
1269,2026-03-04 18:05:14.162714,SOL,SELL,15573.49,1
1270,2026-03-04 18:05:24.162714,SOL,SELL,1754.92,4
1271,2026-03-04 18:05:34.162714,SOL,BUY,22601.65,3
1272,2026-03-04 18:05:44.162714,ETH,SELL,34244.79,4
1273,2026-03-04 18:05:54.162714,BTC,SELL,27559.99,4
1274,2026-03-04 18:06:04.162714,SOL,BUY,36237.34,2
1275,2026-03-04 18:06:14.162714,ETH,SELL,9784.61,4
1276,2026-03-04 18:06:24.162714,SOL,SELL,44064.6,3
1277,2026-03-04 18:06:34.162714,ETH,BUY,22545.2,4
1278,2026-03-04 18:06:44.162714,BTC,BUY,36631.18,2
1279,2026-03-04 18:06:54.162714,SOL,SELL,15196.61,3
1280,2026-03-04 18:07:04.162714,BTC,BUY,32273.74,3
1281,2026-03-04 18:07:14.162714,SOL,SELL,9896.89,1
1282,2026-03-04 18:07:24.162714,ETH,BUY,37718.84,3
1283,2026-03-04 18:07:34.162714,ETH,SELL,26524.55,4
1284,2026-03-04 18:07:44.162714,BTC,SELL,23456.73,2
1285,2026-03-04 18:07:54.162714,BTC,BUY,29084.31,5
1286,2026-03-04 18:08:04.162714,ETH,BUY,1460.16,2
1287,2026-03-04 18:08:14.162714,ETH,BUY,21792.34,2
1288,2026-03-04 18:08:24.162714,ETH,SELL,32024.8,1
1289,2026-03-04 18:08:34.162714,ETH,SELL,22008.39,5
1290,2026-03-04 18:08:44.162714,ETH,BUY,34427.23,4
1291,2026-03-04 18:08:54.162714,BTC,BUY,38178.31,5
1292,2026-03-04 18:09:04.162714,SOL,BUY,9652.87,4
1293,2026-03-04 18:09:14.162714,ETH,SELL,32359.13,1
1294,2026-03-04 18:09:24.162714,ETH,BUY,8993.14,2
1295,2026-03-04 18:09:34.162714,ETH,BUY,21227.06,5
1296,2026-03-04 18:09:44.162714,BTC,BUY,21888.57,4
1297,2026-03-04 18:09:54.162714,SOL,BUY,25835.31,5
1298,2026-03-04 18:10:04.162714,ETH,BUY,41858.38,5
1299,2026-03-04 18:10:14.162714,SOL,BUY,41558.22,2
1300,2026-03-04 18:10:24.162714,BTC,BUY,43503.52,2
1301,2026-03-04 18:10:34.162714,BTC,BUY,23081.33,2
1302,2026-03-04 18:10:44.162714,SOL,BUY,38724.29,4
1303,2026-03-04 18:10:54.162714,BTC,BUY,1815.29,3
1304,2026-03-04 18:11:04.162714,SOL,SELL,17117.34,1
1305,2026-03-04 18:11:14.162714,BTC,BUY,36355.02,5
1306,2026-03-04 18:11:24.162714,BTC,SELL,3007.71,4
1307,2026-03-04 18:11:34.162714,ETH,BUY,6096.23,1
1308,2026-03-04 18:11:44.162714,BTC,SELL,17994.23,3
1309,2026-03-04 18:11:54.162714,SOL,BUY,9356.03,4
1310,2026-03-04 18:12:04.162714,BTC,BUY,6808.43,1
1311,2026-03-04 18:12:14.162714,ETH,BUY,10596.16,4
1312,2026-03-04 18:12:24.162714,BTC,SELL,28826.5,4
1313,2026-03-04 18:12:34.162714,BTC,BUY,8130.03,1
1314,2026-03-04 18:12:44.162714,BTC,SELL,21597.51,3
1315,2026-03-04 18:12:54.162714,SOL,BUY,22956.34,4
1316,2026-03-04 18:13:04.162714,SOL,BUY,10264.89,1
1317,2026-03-04 18:13:14.162714,SOL,BUY,37766.89,3
1318,2026-03-04 18:13:24.162714,SOL,SELL,36041.11,2
1319,2026-03-04 18:13:34.162714,ETH,BUY,6581.2,5
1320,2026-03-04 18:13:44.162714,BTC,SELL,33708.16,4
1321,2026-03-04 18:13:54.162714,BTC,SELL,17725.86,5
1322,2026-03-04 18:14:04.162714,SOL,BUY,16675.3,4
1323,2026-03-04 18:14:14.162714,BTC,SELL,30088.46,5
1324,2026-03-04 18:14:24.162714,SOL,BUY,33736.08,4
1325,2026-03-04 18:14:34.162714,ETH,SELL,33985.7,2
1326,2026-03-04 18:14:44.162714,BTC,SELL,5628.82,3
1327,2026-03-04 18:14:54.162714,SOL,BUY,30243.16,3
1328,2026-03-04 18:15:04.162714,SOL,BUY,27323.02,1
1329,2026-03-04 18:15:14.162714,ETH,BUY,40196.22,3
1330,2026-03-04 18:15:24.162714,BTC,BUY,16972.46,4
1331,2026-03-04 18:15:34.162714,SOL,BUY,6569.84,1
1332,2026-03-04 18:15:44.162714,SOL,SELL,16967.87,4
1333,2026-03-04 18:15:54.162714,ETH,BUY,4581.31,3
1334,2026-03-04 18:16:04.162714,BTC,BUY,25379.63,2
1335,2026-03-04 18:16:14.162714,SOL,BUY,33735.72,5
1336,2026-03-04 18:16:24.162714,BTC,SELL,22001.59,2
1337,2026-03-04 18:16:34.162714,BTC,BUY,31160.61,4
1338,2026-03-04 18:16:44.162714,BTC,SELL,41550.03,5
1339,2026-03-04 18:16:54.162714,ETH,BUY,42282.61,4
1340,2026-03-04 18:17:04.162714,BTC,BUY,25892.36,3
1341,2026-03-04 18:17:14.162714,BTC,BUY,43091.36,2
1342,2026-03-04 18:17:24.162714,BTC,BUY,33081.01,3
1343,2026-03-04 18:17:34.162714,BTC,SELL,16588.4,1
1344,2026-03-04 18:17:44.162714,BTC,BUY,508.23,3
1345,2026-03-04 18:17:54.162714,BTC,BUY,18875.53,2
1346,2026-03-04 18:18:04.162714,BTC,BUY,40385.53,2
1347,2026-03-04 18:18:14.162714,ETH,BUY,36086.77,5
1348,2026-03-04 18:18:24.162714,ETH,SELL,3985.87,2
1349,2026-03-04 18:18:34.162714,SOL,SELL,23301.79,1
1350,2026-03-04 18:18:44.162714,ETH,SELL,23897.05,3
1351,2026-03-04 18:18:54.162714,BTC,SELL,12868.62,3
1352,2026-03-04 18:19:04.162714,SOL,SELL,15425.36,4
1353,2026-03-04 18:19:14.162714,ETH,BUY,44634.5,2
1354,2026-03-04 18:19:24.162714,ETH,BUY,33633.19,5
1355,2026-03-04 18:19:34.162714,BTC,BUY,882.57,3
1356,2026-03-04 18:19:44.162714,ETH,BUY,11816.95,5
1357,2026-03-04 18:19:54.162714,SOL,BUY,44641.67,1
1358,2026-03-04 18:20:04.162714,ETH,SELL,16572.67,4
1359,2026-03-04 18:20:14.162714,ETH,BUY,1356.52,5
1360,2026-03-04 18:20:24.162714,BTC,SELL,25771.14,4
1361,2026-03-04 18:20:34.162714,BTC,BUY,35423.47,3
1362,2026-03-04 18:20:44.162714,ETH,SELL,39327.06,3
1363,2026-03-04 18:20:54.162714,BTC,BUY,28249.83,3
1364,2026-03-04 18:21:04.162714,ETH,BUY,36623.67,2
1365,2026-03-04 18:21:14.162714,BTC,BUY,13347.08,3
1366,2026-03-04 18:21:24.162714,ETH,BUY,15917.85,1
1367,2026-03-04 18:21:34.162714,ETH,BUY,4729.15,2
1368,2026-03-04 18:21:44.162714,BTC,SELL,40125.77,5
1369,2026-03-04 18:21:54.162714,BTC,BUY,27819.57,2
1370,2026-03-04 18:22:04.162714,ETH,BUY,2409.83,1
1371,2026-03-04 18:22:14.162714,BTC,BUY,12289.02,3
1372,2026-03-04 18:22:24.162714,BTC,SELL,13385.71,2
1373,2026-03-04 18:22:34.162714,BTC,SELL,40038.95,5
1374,2026-03-04 18:22:44.162714,SOL,BUY,22273.43,1
1375,2026-03-04 18:22:54.162714,SOL,SELL,10816.05,2
1376,2026-03-04 18:23:04.162714,BTC,SELL,13321.75,4
1377,2026-03-04 18:23:14.162714,SOL,BUY,13572.55,1
1378,2026-03-04 18:23:24.162714,BTC,SELL,29633.79,4
1379,2026-03-04 18:23:34.162714,ETH,BUY,18787.74,5
1380,2026-03-04 18:23:44.162714,ETH,SELL,34118.9,5
1381,2026-03-04 18:23:54.162714,SOL,SELL,42612.44,5
1382,2026-03-04 18:24:04.162714,SOL,SELL,34850.33,4
1383,2026-03-04 18:24:14.162714,ETH,SELL,33558.52,1
1384,2026-03-04 18:24:24.162714,BTC,BUY,27307.84,5
1385,2026-03-04 18:24:34.162714,SOL,BUY,23032.62,3
1386,2026-03-04 18:24:44.162714,SOL,BUY,22011.85,4
1387,2026-03-04 18:24:54.162714,BTC,BUY,22062.43,2
1388,2026-03-04 18:25:04.162714,ETH,SELL,1890.8,4
1389,2026-03-04 18:25:14.162714,ETH,SELL,32831.72,4
1390,2026-03-04 18:25:24.162714,BTC,SELL,25033.46,1
1391,2026-03-04 18:25:34.162714,BTC,SELL,397.94,4
1392,2026-03-04 18:25:44.162714,BTC,BUY,15254.76,2
1393,2026-03-04 18:25:54.162714,BTC,SELL,38584.22,3
1394,2026-03-04 18:26:04.162714,SOL,BUY,7089.43,1
1395,2026-03-04 18:26:14.162714,SOL,BUY,39688.06,2
1396,2026-03-04 18:26:24.162714,SOL,BUY,6792.08,5
1397,2026-03-04 18:26:34.162714,ETH,BUY,32912.9,1
1398,2026-03-04 18:26:44.162714,ETH,BUY,16338.16,3
1399,2026-03-04 18:26:54.162714,SOL,SELL,15794.9,4
1400,2026-03-04 18:27:04.162714,ETH,SELL,1151.58,1
1401,2026-03-04 18:27:14.162714,ETH,BUY,9796.56,4
1402,2026-03-04 18:27:24.162714,SOL,SELL,37874.95,1
1403,2026-03-04 18:27:34.162714,ETH,BUY,34152.77,2
1404,2026-03-04 18:27:44.162714,BTC,SELL,15132.02,3
1405,2026-03-04 18:27:54.162714,ETH,SELL,5901.49,5
1406,2026-03-04 18:28:04.162714,BTC,BUY,15086.3,2
1407,2026-03-04 18:28:14.162714,ETH,BUY,38268.22,2
1408,2026-03-04 18:28:24.162714,SOL,BUY,38864.59,4
1409,2026-03-04 18:28:34.162714,ETH,SELL,8226.32,2
1410,2026-03-04 18:28:44.162714,ETH,SELL,37851.8,5
1411,2026-03-04 18:28:54.162714,BTC,SELL,20601.3,2
1412,2026-03-04 18:29:04.162714,SOL,SELL,12076.53,3
1413,2026-03-04 18:29:14.162714,BTC,BUY,16976.09,2
1414,2026-03-04 18:29:24.162714,ETH,SELL,39925.69,2
1415,2026-03-04 18:29:34.162714,BTC,SELL,32582.66,2
1416,2026-03-04 18:29:44.162714,SOL,SELL,5412.1,2
1417,2026-03-04 18:29:54.162714,SOL,BUY,7789.92,2
1418,2026-03-04 18:30:04.162714,SOL,BUY,17640.48,3
1419,2026-03-04 18:30:14.162714,SOL,SELL,20765.75,1
1420,2026-03-04 18:30:24.162714,SOL,BUY,21506.34,5
1421,2026-03-04 18:30:34.162714,ETH,BUY,21793.02,1
1422,2026-03-04 18:30:44.162714,SOL,BUY,27273.75,2
1423,2026-03-04 18:30:54.162714,SOL,BUY,825.02,2
1424,2026-03-04 18:31:04.162714,SOL,BUY,11425.77,3
1425,2026-03-04 18:31:14.162714,ETH,BUY,9440.19,5
1426,2026-03-04 18:31:24.162714,BTC,SELL,13195.66,3
1427,2026-03-04 18:31:34.162714,SOL,BUY,15528.94,3
1428,2026-03-04 18:31:44.162714,ETH,BUY,4659.21,2
1429,2026-03-04 18:31:54.162714,SOL,SELL,15541.45,4
1430,2026-03-04 18:32:04.162714,SOL,BUY,15236.41,2
1431,2026-03-04 18:32:14.162714,SOL,BUY,13948.55,2
1432,2026-03-04 18:32:24.162714,BTC,BUY,33168.4,1
1433,2026-03-04 18:32:34.162714,BTC,SELL,30978.65,1
1434,2026-03-04 18:32:44.162714,SOL,BUY,4370.1,2
1435,2026-03-04 18:32:54.162714,ETH,BUY,27423.09,4
1436,2026-03-04 18:33:04.162714,SOL,BUY,13305.1,2
1437,2026-03-04 18:33:14.162714,ETH,BUY,32978.27,3
1438,2026-03-04 18:33:24.162714,BTC,BUY,7386.77,2
1439,2026-03-04 18:33:34.162714,ETH,BUY,37030.25,1
1440,2026-03-04 18:33:44.162714,SOL,SELL,7375.28,5
1441,2026-03-04 18:33:54.162714,SOL,BUY,14693.61,4
1442,2026-03-04 18:34:04.162714,ETH,SELL,17518.79,2
1443,2026-03-04 18:34:14.162714,BTC,SELL,15994.32,4
1444,2026-03-04 18:34:24.162714,SOL,SELL,21141.26,5
1445,2026-03-04 18:34:34.162714,SOL,BUY,33582.61,3
1446,2026-03-04 18:34:44.162714,ETH,SELL,22399.23,4
1447,2026-03-04 18:34:54.162714,SOL,BUY,44594.75,2
1448,2026-03-04 18:35:04.162714,BTC,SELL,44999.01,1
1449,2026-03-04 18:35:14.162714,ETH,BUY,37971.65,1
1450,2026-03-04 18:35:24.162714,ETH,BUY,7806.84,2
1451,2026-03-04 18:35:34.162714,BTC,BUY,32074.35,5
1452,2026-03-04 18:35:44.162714,SOL,SELL,9729.82,5
1453,2026-03-04 18:35:54.162714,BTC,SELL,40493.27,3
1454,2026-03-04 18:36:04.162714,SOL,SELL,22170.01,4
1455,2026-03-04 18:36:14.162714,SOL,BUY,14922.57,4
1456,2026-03-04 18:36:24.162714,SOL,BUY,20774.47,1
1457,2026-03-04 18:36:34.162714,SOL,BUY,2506.61,2
1458,2026-03-04 18:36:44.162714,ETH,SELL,23219.7,1
1459,2026-03-04 18:36:54.162714,BTC,SELL,23146.44,4
1460,2026-03-04 18:37:04.162714,SOL,BUY,37582.01,4
1461,2026-03-04 18:37:14.162714,SOL,SELL,14370.98,4
1462,2026-03-04 18:37:24.162714,SOL,SELL,38967.13,5
1463,2026-03-04 18:37:34.162714,ETH,SELL,37150.42,3
1464,2026-03-04 18:37:44.162714,ETH,BUY,18172.08,2
1465,2026-03-04 18:37:54.162714,BTC,BUY,1966.53,1
1466,2026-03-04 18:38:04.162714,BTC,BUY,7435.65,2
1467,2026-03-04 18:38:14.162714,ETH,BUY,43740.2,4
1468,2026-03-04 18:38:24.162714,SOL,SELL,27923.13,4
1469,2026-03-04 18:38:34.162714,BTC,BUY,28428.85,3
1470,2026-03-04 18:38:44.162714,SOL,BUY,29895.96,2
1471,2026-03-04 18:38:54.162714,ETH,BUY,8780.16,4
1472,2026-03-04 18:39:04.162714,BTC,SELL,13080.95,1
1473,2026-03-04 18:39:14.162714,BTC,SELL,42849.58,2
1474,2026-03-04 18:39:24.162714,SOL,SELL,28815.24,2
1475,2026-03-04 18:39:34.162714,BTC,SELL,25163.77,5
1476,2026-03-04 18:39:44.162714,SOL,BUY,33328.13,3
1477,2026-03-04 18:39:54.162714,SOL,SELL,12986.71,1
1478,2026-03-04 18:40:04.162714,SOL,BUY,33058.42,3
1479,2026-03-04 18:40:14.162714,ETH,SELL,5144.01,4
1480,2026-03-04 18:40:24.162714,BTC,SELL,27660.7,3
1481,2026-03-04 18:40:34.162714,ETH,SELL,34504.26,4
1482,2026-03-04 18:40:44.162714,SOL,SELL,36109.14,2
1483,2026-03-04 18:40:54.162714,BTC,SELL,21197.9,2
1484,2026-03-04 18:41:04.162714,BTC,BUY,14957.3,2
1485,2026-03-04 18:41:14.162714,SOL,SELL,32702.29,1
1486,2026-03-04 18:41:24.162714,BTC,SELL,2405.85,1
1487,2026-03-04 18:41:34.162714,ETH,BUY,12662.62,4
1488,2026-03-04 18:41:44.162714,ETH,BUY,34316.9,1
1489,2026-03-04 18:41:54.162714,BTC,SELL,34833.93,5
1490,2026-03-04 18:42:04.162714,SOL,SELL,7238.38,2
1491,2026-03-04 18:42:14.162714,ETH,SELL,13363.78,3
1492,2026-03-04 18:42:24.162714,BTC,BUY,6681.81,5
1493,2026-03-04 18:42:34.162714,BTC,BUY,10916.43,4
1494,2026-03-04 18:42:44.162714,ETH,SELL,13034.67,1
1495,2026-03-04 18:42:54.162714,SOL,SELL,28554.82,5
1496,2026-03-04 18:43:04.162714,SOL,BUY,39746.83,3
1497,2026-03-04 18:43:14.162714,SOL,BUY,27505.14,3
1498,2026-03-04 18:43:24.162714,ETH,BUY,28449.2,3
1499,2026-03-04 18:43:34.162714,SOL,BUY,30152.53,5
1500,2026-03-04 18:43:44.162714,SOL,BUY,41482.38,3
1501,2026-03-04 18:43:54.162714,SOL,BUY,38649.16,1
1502,2026-03-04 18:44:04.162714,BTC,BUY,22370.04,3
1503,2026-03-04 18:44:14.162714,BTC,SELL,33437.52,4
1504,2026-03-04 18:44:24.162714,SOL,BUY,5121.4,1
1505,2026-03-04 18:44:34.162714,BTC,SELL,19078.37,1
1506,2026-03-04 18:44:44.162714,ETH,SELL,14432.02,3
1507,2026-03-04 18:44:54.162714,BTC,BUY,25334.57,3
1508,2026-03-04 18:45:04.162714,BTC,BUY,3497.85,3
1509,2026-03-04 18:45:14.162714,BTC,SELL,26673.34,2
1510,2026-03-04 18:45:24.162714,SOL,BUY,14015.62,1
1511,2026-03-04 18:45:34.162714,BTC,SELL,23112.42,2
1512,2026-03-04 18:45:44.162714,SOL,SELL,19848.3,5
1513,2026-03-04 18:45:54.162714,SOL,BUY,23135.59,4
1514,2026-03-04 18:46:04.162714,ETH,BUY,28377.76,4
1515,2026-03-04 18:46:14.162714,BTC,SELL,36660.85,3
1516,2026-03-04 18:46:24.162714,ETH,BUY,28112.73,3
1517,2026-03-04 18:46:34.162714,SOL,SELL,21057.99,1
1518,2026-03-04 18:46:44.162714,BTC,BUY,38908.27,5
1519,2026-03-04 18:46:54.162714,ETH,BUY,41521.34,5
1520,2026-03-04 18:47:04.162714,BTC,SELL,44192.99,3
1521,2026-03-04 18:47:14.162714,ETH,BUY,13548.12,4
1522,2026-03-04 18:47:24.162714,SOL,BUY,9398.76,1
1523,2026-03-04 18:47:34.162714,ETH,SELL,21562.51,2
1524,2026-03-04 18:47:44.162714,BTC,BUY,10759.26,1
1525,2026-03-04 18:47:54.162714,BTC,SELL,32472.72,4
1526,2026-03-04 18:48:04.162714,SOL,BUY,27591.12,4
1527,2026-03-04 18:48:14.162714,SOL,BUY,27285.27,4
1528,2026-03-04 18:48:24.162714,BTC,BUY,35458.51,2
1529,2026-03-04 18:48:34.162714,SOL,BUY,4276.69,1
1530,2026-03-04 18:48:44.162714,SOL,SELL,26004.5,1
1531,2026-03-04 18:48:54.162714,ETH,SELL,15160.75,4
1532,2026-03-04 18:49:04.162714,BTC,BUY,20025.91,5
1533,2026-03-04 18:49:14.162714,SOL,SELL,1286.2,1
1534,2026-03-04 18:49:24.162714,BTC,BUY,31091.19,4
1535,2026-03-04 18:49:34.162714,BTC,SELL,4303.15,5
1536,2026-03-04 18:49:44.162714,SOL,SELL,6127.5,2
1537,2026-03-04 18:49:54.162714,BTC,SELL,21516.54,1
1538,2026-03-04 18:50:04.162714,SOL,SELL,29311.48,5
1539,2026-03-04 18:50:14.162714,BTC,BUY,34220.75,2
1540,2026-03-04 18:50:24.162714,SOL,SELL,40668.38,5
1541,2026-03-04 18:50:34.162714,BTC,SELL,22738.36,4
1542,2026-03-04 18:50:44.162714,ETH,BUY,19359.06,5
1543,2026-03-04 18:50:54.162714,ETH,BUY,19954.02,4
1544,2026-03-04 18:51:04.162714,ETH,SELL,36076.34,3
1545,2026-03-04 18:51:14.162714,SOL,BUY,43916.8,5
1546,2026-03-04 18:51:24.162714,SOL,SELL,38824.92,1
1547,2026-03-04 18:51:34.162714,BTC,BUY,22294.87,4
1548,2026-03-04 18:51:44.162714,SOL,SELL,17713.3,4
1549,2026-03-04 18:51:54.162714,ETH,SELL,17324.32,5
1550,2026-03-04 18:52:04.162714,SOL,SELL,44083.78,2
1551,2026-03-04 18:52:14.162714,SOL,SELL,3514.56,3
1552,2026-03-04 18:52:24.162714,BTC,BUY,25601.84,4
1553,2026-03-04 18:52:34.162714,BTC,BUY,27522.39,4
1554,2026-03-04 18:52:44.162714,BTC,BUY,35378.97,3
1555,2026-03-04 18:52:54.162714,ETH,BUY,24097.89,2
1556,2026-03-04 18:53:04.162714,BTC,SELL,43587.21,3
1557,2026-03-04 18:53:14.162714,BTC,SELL,16513.76,1
1558,2026-03-04 18:53:24.162714,ETH,BUY,31962.32,2
1559,2026-03-04 18:53:34.162714,SOL,SELL,44252.88,4
1560,2026-03-04 18:53:44.162714,BTC,BUY,16345.5,5
1561,2026-03-04 18:53:54.162714,BTC,SELL,24207.81,3
1562,2026-03-04 18:54:04.162714,BTC,BUY,17877.12,2
1563,2026-03-04 18:54:14.162714,ETH,SELL,42405.5,3
1564,2026-03-04 18:54:24.162714,BTC,SELL,35480.51,2
1565,2026-03-04 18:54:34.162714,ETH,SELL,33544.65,4
1566,2026-03-04 18:54:44.162714,BTC,SELL,27286.49,2
1567,2026-03-04 18:54:54.162714,ETH,BUY,39618.84,4
1568,2026-03-04 18:55:04.162714,ETH,SELL,20504.33,2
1569,2026-03-04 18:55:14.162714,SOL,SELL,21684.87,3
1570,2026-03-04 18:55:24.162714,BTC,BUY,44541.52,3
1571,2026-03-04 18:55:34.162714,BTC,BUY,5717.86,3
1572,2026-03-04 18:55:44.162714,BTC,BUY,33044.45,5
1573,2026-03-04 18:55:54.162714,BTC,BUY,7554.7,4
1574,2026-03-04 18:56:04.162714,SOL,SELL,37116.9,1
1575,2026-03-04 18:56:14.162714,ETH,SELL,41343.95,4
1576,2026-03-04 18:56:24.162714,SOL,SELL,22802.39,5
1577,2026-03-04 18:56:34.162714,ETH,SELL,35458.31,4
1578,2026-03-04 18:56:44.162714,BTC,BUY,379.76,5
1579,2026-03-04 18:56:54.162714,SOL,SELL,44878.41,1
1580,2026-03-04 18:57:04.162714,SOL,BUY,24276.35,4
1581,2026-03-04 18:57:14.162714,SOL,SELL,2683.82,2
1582,2026-03-04 18:57:24.162714,ETH,SELL,10631.65,2
1583,2026-03-04 18:57:34.162714,SOL,SELL,40029.43,3
1584,2026-03-04 18:57:44.162714,BTC,BUY,8397.39,5
1585,2026-03-04 18:57:54.162714,SOL,BUY,17153.79,2
1586,2026-03-04 18:58:04.162714,SOL,BUY,39169.09,5
1587,2026-03-04 18:58:14.162714,BTC,SELL,42566.06,4
1588,2026-03-04 18:58:24.162714,SOL,BUY,31710.95,2
1589,2026-03-04 18:58:34.162714,BTC,SELL,37416.19,2
1590,2026-03-04 18:58:44.162714,SOL,SELL,24804.12,5
1591,2026-03-04 18:58:54.162714,BTC,BUY,37754.12,2
1592,2026-03-04 18:59:04.162714,SOL,BUY,44604.66,3
1593,2026-03-04 18:59:14.162714,SOL,BUY,28784.12,5
1594,2026-03-04 18:59:24.162714,BTC,SELL,5401.32,3
1595,2026-03-04 18:59:34.162714,ETH,SELL,31511.21,5
1596,2026-03-04 18:59:44.162714,SOL,BUY,6796.25,3
1597,2026-03-04 18:59:54.162714,ETH,SELL,10958.04,5
1598,2026-03-04 19:00:04.162714,ETH,SELL,32865.76,1
1599,2026-03-04 19:00:14.162714,BTC,BUY,7539.17,2
1600,2026-03-04 19:00:24.162714,BTC,SELL,39007.69,3
1601,2026-03-04 19:00:34.162714,SOL,SELL,43518.96,1
1602,2026-03-04 19:00:44.162714,ETH,SELL,30685.04,2
1603,2026-03-04 19:00:54.162714,ETH,BUY,40840.26,2
1604,2026-03-04 19:01:04.162714,BTC,BUY,17755.81,4
1605,2026-03-04 19:01:14.162714,SOL,BUY,38327.07,4
1606,2026-03-04 19:01:24.162714,BTC,SELL,19574.3,1
1607,2026-03-04 19:01:34.162714,SOL,SELL,17434.04,2
1608,2026-03-04 19:01:44.162714,ETH,BUY,6561.43,5
1609,2026-03-04 19:01:54.162714,SOL,BUY,12843.68,4
1610,2026-03-04 19:02:04.162714,ETH,BUY,12735.13,2
1611,2026-03-04 19:02:14.162714,BTC,SELL,26375.16,2
1612,2026-03-04 19:02:24.162714,SOL,SELL,7559.02,1
1613,2026-03-04 19:02:34.162714,ETH,SELL,23214.36,3
1614,2026-03-04 19:02:44.162714,BTC,SELL,29576.1,3
1615,2026-03-04 19:02:54.162714,SOL,SELL,31273.55,3
1616,2026-03-04 19:03:04.162714,SOL,SELL,9305.24,4
1617,2026-03-04 19:03:14.162714,SOL,BUY,35662.45,5
1618,2026-03-04 19:03:24.162714,BTC,SELL,28989.37,5
1619,2026-03-04 19:03:34.162714,ETH,SELL,39198.76,3
1620,2026-03-04 19:03:44.162714,ETH,SELL,44561.49,3
1621,2026-03-04 19:03:54.162714,BTC,SELL,23993.92,2
1622,2026-03-04 19:04:04.162714,ETH,SELL,14964.09,1
1623,2026-03-04 19:04:14.162714,BTC,BUY,21928.19,5
1624,2026-03-04 19:04:24.162714,ETH,SELL,23042.81,1
1625,2026-03-04 19:04:34.162714,BTC,BUY,12668.15,2
1626,2026-03-04 19:04:44.162714,SOL,SELL,43391.0,5
1627,2026-03-04 19:04:54.162714,BTC,BUY,34983.15,2
1628,2026-03-04 19:05:04.162714,BTC,BUY,10956.21,4
1629,2026-03-04 19:05:14.162714,SOL,SELL,293.37,2
1630,2026-03-04 19:05:24.162714,BTC,SELL,36036.18,1
1631,2026-03-04 19:05:34.162714,BTC,SELL,37915.41,4
1632,2026-03-04 19:05:44.162714,ETH,SELL,31366.88,5
1633,2026-03-04 19:05:54.162714,SOL,SELL,9771.0,5
1634,2026-03-04 19:06:04.162714,ETH,SELL,6433.81,4
1635,2026-03-04 19:06:14.162714,SOL,BUY,30482.47,5
1636,2026-03-04 19:06:24.162714,BTC,SELL,15836.87,3
1637,2026-03-04 19:06:34.162714,ETH,BUY,2577.46,4
1638,2026-03-04 19:06:44.162714,ETH,SELL,10443.05,3
1639,2026-03-04 19:06:54.162714,SOL,SELL,39077.95,3
1640,2026-03-04 19:07:04.162714,SOL,SELL,34052.73,2
1641,2026-03-04 19:07:14.162714,BTC,SELL,18215.45,2
1642,2026-03-04 19:07:24.162714,BTC,BUY,26707.79,5
1643,2026-03-04 19:07:34.162714,ETH,BUY,34575.49,4
1644,2026-03-04 19:07:44.162714,ETH,SELL,42052.12,3
1645,2026-03-04 19:07:54.162714,ETH,SELL,36291.11,1
1646,2026-03-04 19:08:04.162714,ETH,BUY,35998.42,5
1647,2026-03-04 19:08:14.162714,BTC,SELL,29683.6,4
1648,2026-03-04 19:08:24.162714,ETH,SELL,34279.98,2
1649,2026-03-04 19:08:34.162714,BTC,BUY,24662.03,1
1650,2026-03-04 19:08:44.162714,ETH,BUY,18390.89,4
1651,2026-03-04 19:08:54.162714,ETH,BUY,3492.37,2
1652,2026-03-04 19:09:04.162714,BTC,BUY,31843.51,4
1653,2026-03-04 19:09:14.162714,ETH,SELL,34258.38,5
1654,2026-03-04 19:09:24.162714,BTC,SELL,30967.27,5
1655,2026-03-04 19:09:34.162714,BTC,SELL,27288.99,5
1656,2026-03-04 19:09:44.162714,ETH,SELL,17093.93,5
1657,2026-03-04 19:09:54.162714,SOL,BUY,12273.5,1
1658,2026-03-04 19:10:04.162714,BTC,SELL,27976.45,5
1659,2026-03-04 19:10:14.162714,ETH,BUY,44112.96,4
1660,2026-03-04 19:10:24.162714,SOL,BUY,2830.29,2
1661,2026-03-04 19:10:34.162714,SOL,SELL,12529.26,2
1662,2026-03-04 19:10:44.162714,ETH,SELL,17805.18,5
1663,2026-03-04 19:10:54.162714,SOL,BUY,19237.74,5
1664,2026-03-04 19:11:04.162714,ETH,BUY,16307.35,3
1665,2026-03-04 19:11:14.162714,BTC,BUY,5149.97,1
1666,2026-03-04 19:11:24.162714,BTC,SELL,19486.93,2
1667,2026-03-04 19:11:34.162714,ETH,BUY,19699.53,2
1668,2026-03-04 19:11:44.162714,ETH,SELL,26360.12,2
1669,2026-03-04 19:11:54.162714,ETH,SELL,17910.27,4
1670,2026-03-04 19:12:04.162714,BTC,SELL,11755.36,2
1671,2026-03-04 19:12:14.162714,ETH,BUY,17790.43,1
1672,2026-03-04 19:12:24.162714,BTC,BUY,6656.3,1
1673,2026-03-04 19:12:34.162714,SOL,SELL,20756.63,5
1674,2026-03-04 19:12:44.162714,SOL,SELL,3558.29,4
1675,2026-03-04 19:12:54.162714,SOL,BUY,41374.42,1
1676,2026-03-04 19:13:04.162714,ETH,SELL,32273.01,1
1677,2026-03-04 19:13:14.162714,ETH,SELL,13384.7,5
1678,2026-03-04 19:13:24.162714,ETH,BUY,24463.18,1
1679,2026-03-04 19:13:34.162714,BTC,BUY,37708.67,2
1680,2026-03-04 19:13:44.162714,SOL,BUY,29657.42,2
1681,2026-03-04 19:13:54.162714,SOL,SELL,27242.01,3
1682,2026-03-04 19:14:04.162714,ETH,SELL,41652.75,3
1683,2026-03-04 19:14:14.162714,ETH,SELL,40741.57,2
1684,2026-03-04 19:14:24.162714,ETH,BUY,37269.58,5
1685,2026-03-04 19:14:34.162714,ETH,SELL,13899.32,1
1686,2026-03-04 19:14:44.162714,BTC,SELL,25044.51,3
1687,2026-03-04 19:14:54.162714,SOL,SELL,43834.69,1
1688,2026-03-04 19:15:04.162714,SOL,SELL,16179.51,2
1689,2026-03-04 19:15:14.162714,SOL,BUY,19181.06,3
1690,2026-03-04 19:15:24.162714,SOL,SELL,23880.15,5
1691,2026-03-04 19:15:34.162714,BTC,BUY,8356.79,4
1692,2026-03-04 19:15:44.162714,BTC,SELL,33543.44,2
1693,2026-03-04 19:15:54.162714,SOL,BUY,788.37,4
1694,2026-03-04 19:16:04.162714,BTC,BUY,8098.54,1
1695,2026-03-04 19:16:14.162714,SOL,SELL,19818.7,2
1696,2026-03-04 19:16:24.162714,BTC,SELL,7470.55,4
1697,2026-03-04 19:16:34.162714,SOL,BUY,16185.45,3
1698,2026-03-04 19:16:44.162714,SOL,SELL,22344.42,1
1699,2026-03-04 19:16:54.162714,ETH,SELL,18768.85,3
1700,2026-03-04 19:17:04.162714,BTC,SELL,36345.51,3
1701,2026-03-04 19:17:14.162714,BTC,BUY,39395.74,2
1702,2026-03-04 19:17:24.162714,SOL,BUY,24472.85,4
1703,2026-03-04 19:17:34.162714,BTC,BUY,20220.83,5
1704,2026-03-04 19:17:44.162714,SOL,BUY,26758.59,5
1705,2026-03-04 19:17:54.162714,SOL,SELL,4436.01,1
1706,2026-03-04 19:18:04.162714,SOL,SELL,27823.4,2
1707,2026-03-04 19:18:14.162714,SOL,SELL,17849.06,3
1708,2026-03-04 19:18:24.162714,ETH,SELL,16186.62,3
1709,2026-03-04 19:18:34.162714,BTC,SELL,18960.39,3
1710,2026-03-04 19:18:44.162714,ETH,BUY,28963.26,1
1711,2026-03-04 19:18:54.162714,SOL,SELL,2829.14,3
1712,2026-03-04 19:19:04.162714,ETH,BUY,16247.24,5
1713,2026-03-04 19:19:14.162714,BTC,BUY,16683.97,3
1714,2026-03-04 19:19:24.162714,SOL,BUY,9251.74,2
1715,2026-03-04 19:19:34.162714,ETH,SELL,1585.23,2
1716,2026-03-04 19:19:44.162714,BTC,SELL,25965.24,2
1717,2026-03-04 19:19:54.162714,SOL,SELL,35136.45,1
1718,2026-03-04 19:20:04.162714,ETH,BUY,31764.99,5
1719,2026-03-04 19:20:14.162714,SOL,BUY,601.96,3
1720,2026-03-04 19:20:24.162714,BTC,BUY,6966.7,5
1721,2026-03-04 19:20:34.162714,ETH,SELL,40044.93,5
1722,2026-03-04 19:20:44.162714,SOL,SELL,32328.14,5
1723,2026-03-04 19:20:54.162714,BTC,BUY,14253.18,1
1724,2026-03-04 19:21:04.162714,BTC,SELL,30596.15,1
1725,2026-03-04 19:21:14.162714,BTC,BUY,1076.99,4
1726,2026-03-04 19:21:24.162714,SOL,BUY,29542.2,4
1727,2026-03-04 19:21:34.162714,ETH,SELL,33971.0,5
1728,2026-03-04 19:21:44.162714,BTC,BUY,2166.13,2
1729,2026-03-04 19:21:54.162714,BTC,SELL,12208.38,4
1730,2026-03-04 19:22:04.162714,SOL,BUY,19506.61,1
1731,2026-03-04 19:22:14.162714,BTC,SELL,4684.69,2
1732,2026-03-04 19:22:24.162714,SOL,BUY,39424.52,5
1733,2026-03-04 19:22:34.162714,ETH,SELL,5360.72,1
1734,2026-03-04 19:22:44.162714,BTC,SELL,21754.83,2
1735,2026-03-04 19:22:54.162714,ETH,SELL,44770.67,1
1736,2026-03-04 19:23:04.162714,SOL,SELL,30820.16,3
1737,2026-03-04 19:23:14.162714,ETH,SELL,29241.35,5
1738,2026-03-04 19:23:24.162714,SOL,SELL,2699.41,4
1739,2026-03-04 19:23:34.162714,ETH,SELL,4255.26,3
1740,2026-03-04 19:23:44.162714,SOL,BUY,39655.24,3
1741,2026-03-04 19:23:54.162714,BTC,BUY,12937.79,1
1742,2026-03-04 19:24:04.162714,BTC,SELL,13780.93,4
1743,2026-03-04 19:24:14.162714,ETH,SELL,11960.03,5
1744,2026-03-04 19:24:24.162714,SOL,BUY,2424.8,2
1745,2026-03-04 19:24:34.162714,ETH,SELL,2869.91,4
1746,2026-03-04 19:24:44.162714,BTC,SELL,3130.0,4
1747,2026-03-04 19:24:54.162714,ETH,BUY,16976.75,1
1748,2026-03-04 19:25:04.162714,SOL,SELL,39206.77,5
1749,2026-03-04 19:25:14.162714,SOL,BUY,17282.18,5
1750,2026-03-04 19:25:24.162714,ETH,SELL,38623.62,4
1751,2026-03-04 19:25:34.162714,BTC,SELL,37633.17,5
1752,2026-03-04 19:25:44.162714,BTC,SELL,18944.78,3
1753,2026-03-04 19:25:54.162714,SOL,BUY,17681.57,2
1754,2026-03-04 19:26:04.162714,SOL,SELL,4335.63,5
1755,2026-03-04 19:26:14.162714,SOL,BUY,33393.65,3
1756,2026-03-04 19:26:24.162714,BTC,SELL,13392.19,2
1757,2026-03-04 19:26:34.162714,BTC,SELL,29052.93,3
1758,2026-03-04 19:26:44.162714,BTC,BUY,18555.5,1
1759,2026-03-04 19:26:54.162714,BTC,SELL,25630.55,2
1760,2026-03-04 19:27:04.162714,ETH,BUY,34092.19,1
1761,2026-03-04 19:27:14.162714,BTC,BUY,14329.17,5
1762,2026-03-04 19:27:24.162714,ETH,SELL,20718.55,5
1763,2026-03-04 19:27:34.162714,SOL,SELL,7557.52,3
1764,2026-03-04 19:27:44.162714,SOL,BUY,17347.03,5
1765,2026-03-04 19:27:54.162714,BTC,SELL,6047.77,1
1766,2026-03-04 19:28:04.162714,ETH,BUY,26511.77,4
1767,2026-03-04 19:28:14.162714,BTC,BUY,52.68,5
1768,2026-03-04 19:28:24.162714,ETH,SELL,11806.87,3
1769,2026-03-04 19:28:34.162714,ETH,BUY,20560.38,4
1770,2026-03-04 19:28:44.162714,ETH,SELL,16968.78,4
1771,2026-03-04 19:28:54.162714,ETH,BUY,18031.19,5
1772,2026-03-04 19:29:04.162714,ETH,BUY,11004.11,2
1773,2026-03-04 19:29:14.162714,ETH,BUY,2790.62,2
1774,2026-03-04 19:29:24.162714,BTC,BUY,34135.01,4
1775,2026-03-04 19:29:34.162714,BTC,BUY,12513.75,4
1776,2026-03-04 19:29:44.162714,SOL,BUY,34505.59,1
1777,2026-03-04 19:29:54.162714,ETH,BUY,21387.26,3
1778,2026-03-04 19:30:04.162714,BTC,SELL,14045.4,2
1779,2026-03-04 19:30:14.162714,BTC,BUY,15654.41,5
1780,2026-03-04 19:30:24.162714,ETH,BUY,15339.93,4
1781,2026-03-04 19:30:34.162714,BTC,SELL,20650.09,1
1782,2026-03-04 19:30:44.162714,ETH,SELL,8917.12,5
1783,2026-03-04 19:30:54.162714,ETH,BUY,8283.53,1
1784,2026-03-04 19:31:04.162714,SOL,SELL,13784.12,2
1785,2026-03-04 19:31:14.162714,ETH,SELL,8949.04,1
1786,2026-03-04 19:31:24.162714,ETH,SELL,22245.06,4
1787,2026-03-04 19:31:34.162714,SOL,SELL,4061.96,2
1788,2026-03-04 19:31:44.162714,ETH,SELL,5792.97,3
1789,2026-03-04 19:31:54.162714,BTC,BUY,39245.67,5
1790,2026-03-04 19:32:04.162714,SOL,SELL,35036.28,3
1791,2026-03-04 19:32:14.162714,SOL,SELL,11159.42,3
1792,2026-03-04 19:32:24.162714,ETH,BUY,5663.25,4
1793,2026-03-04 19:32:34.162714,BTC,BUY,36124.71,3
1794,2026-03-04 19:32:44.162714,BTC,BUY,1957.1,1
1795,2026-03-04 19:32:54.162714,BTC,BUY,38327.2,5
1796,2026-03-04 19:33:04.162714,SOL,SELL,38711.08,2
1797,2026-03-04 19:33:14.162714,BTC,SELL,5448.24,3
1798,2026-03-04 19:33:24.162714,ETH,SELL,28562.97,3
1799,2026-03-04 19:33:34.162714,SOL,BUY,35019.77,4
1800,2026-03-04 19:33:44.162714,BTC,SELL,1266.59,1
1801,2026-03-04 19:33:54.162714,SOL,SELL,22326.0,5
1802,2026-03-04 19:34:04.162714,SOL,SELL,22581.37,3
1803,2026-03-04 19:34:14.162714,BTC,BUY,33134.22,5
1804,2026-03-04 19:34:24.162714,ETH,BUY,32402.13,5
1805,2026-03-04 19:34:34.162714,SOL,BUY,3912.01,4
1806,2026-03-04 19:34:44.162714,ETH,BUY,4144.6,5
1807,2026-03-04 19:34:54.162714,ETH,BUY,9123.52,3
1808,2026-03-04 19:35:04.162714,ETH,BUY,21903.25,4
1809,2026-03-04 19:35:14.162714,ETH,SELL,6005.52,1
1810,2026-03-04 19:35:24.162714,BTC,SELL,27501.66,4
1811,2026-03-04 19:35:34.162714,SOL,SELL,23333.38,3
1812,2026-03-04 19:35:44.162714,SOL,BUY,40814.75,1
1813,2026-03-04 19:35:54.162714,BTC,BUY,29690.99,3
1814,2026-03-04 19:36:04.162714,SOL,SELL,10384.33,2
1815,2026-03-04 19:36:14.162714,SOL,BUY,40104.96,2
1816,2026-03-04 19:36:24.162714,ETH,BUY,20909.88,3
1817,2026-03-04 19:36:34.162714,BTC,BUY,26313.64,3
1818,2026-03-04 19:36:44.162714,ETH,BUY,11011.58,5
1819,2026-03-04 19:36:54.162714,BTC,BUY,14462.83,2
1820,2026-03-04 19:37:04.162714,BTC,BUY,9524.52,3
1821,2026-03-04 19:37:14.162714,BTC,SELL,642.36,2
1822,2026-03-04 19:37:24.162714,SOL,SELL,1899.39,2
1823,2026-03-04 19:37:34.162714,BTC,SELL,6291.66,2
1824,2026-03-04 19:37:44.162714,BTC,SELL,5609.99,2
1825,2026-03-04 19:37:54.162714,BTC,SELL,21942.23,3
1826,2026-03-04 19:38:04.162714,SOL,SELL,20925.43,5
1827,2026-03-04 19:38:14.162714,SOL,SELL,21369.8,1
1828,2026-03-04 19:38:24.162714,BTC,SELL,13105.0,3
1829,2026-03-04 19:38:34.162714,SOL,BUY,15119.45,1
1830,2026-03-04 19:38:44.162714,SOL,SELL,16309.28,3
1831,2026-03-04 19:38:54.162714,BTC,BUY,6392.32,2
1832,2026-03-04 19:39:04.162714,SOL,SELL,8007.69,5
1833,2026-03-04 19:39:14.162714,SOL,SELL,4618.1,3
1834,2026-03-04 19:39:24.162714,BTC,SELL,36344.65,3
1835,2026-03-04 19:39:34.162714,SOL,SELL,42507.31,5
1836,2026-03-04 19:39:44.162714,SOL,BUY,5944.13,2
1837,2026-03-04 19:39:54.162714,SOL,SELL,5924.07,3
1838,2026-03-04 19:40:04.162714,BTC,BUY,38473.91,1
1839,2026-03-04 19:40:14.162714,BTC,BUY,34911.65,3
1840,2026-03-04 19:40:24.162714,SOL,BUY,12709.21,3
1841,2026-03-04 19:40:34.162714,SOL,SELL,2769.79,3
1842,2026-03-04 19:40:44.162714,SOL,SELL,2465.99,3
1843,2026-03-04 19:40:54.162714,BTC,SELL,21544.4,3
1844,2026-03-04 19:41:04.162714,BTC,SELL,31166.66,3
1845,2026-03-04 19:41:14.162714,BTC,BUY,5294.52,5
1846,2026-03-04 19:41:24.162714,SOL,BUY,11417.01,4
1847,2026-03-04 19:41:34.162714,BTC,SELL,32799.18,5
1848,2026-03-04 19:41:44.162714,BTC,BUY,36563.95,5
1849,2026-03-04 19:41:54.162714,BTC,BUY,1107.3,2
1850,2026-03-04 19:42:04.162714,SOL,BUY,32099.14,4
1851,2026-03-04 19:42:14.162714,SOL,SELL,13571.65,5
1852,2026-03-04 19:42:24.162714,BTC,SELL,9762.09,3
1853,2026-03-04 19:42:34.162714,ETH,SELL,5996.27,5
1854,2026-03-04 19:42:44.162714,ETH,BUY,12109.44,2
1855,2026-03-04 19:42:54.162714,BTC,SELL,22062.87,3
1856,2026-03-04 19:43:04.162714,ETH,BUY,10625.39,3
1857,2026-03-04 19:43:14.162714,SOL,SELL,10033.76,5
1858,2026-03-04 19:43:24.162714,SOL,SELL,24133.17,4
1859,2026-03-04 19:43:34.162714,BTC,BUY,40012.92,1
1860,2026-03-04 19:43:44.162714,ETH,BUY,44218.25,1
1861,2026-03-04 19:43:54.162714,ETH,SELL,29184.94,4
1862,2026-03-04 19:44:04.162714,BTC,SELL,13567.58,3
1863,2026-03-04 19:44:14.162714,BTC,SELL,29914.7,5
1864,2026-03-04 19:44:24.162714,ETH,BUY,7658.72,2
1865,2026-03-04 19:44:34.162714,BTC,BUY,18740.16,5
1866,2026-03-04 19:44:44.162714,ETH,BUY,34760.49,4
1867,2026-03-04 19:44:54.162714,SOL,BUY,8372.41,3
1868,2026-03-04 19:45:04.162714,ETH,BUY,34210.41,3
1869,2026-03-04 19:45:14.162714,ETH,SELL,9170.65,4
1870,2026-03-04 19:45:24.162714,ETH,BUY,32663.44,1
1871,2026-03-04 19:45:34.162714,BTC,SELL,10155.21,1
1872,2026-03-04 19:45:44.162714,SOL,SELL,12959.4,5
1873,2026-03-04 19:45:54.162714,SOL,BUY,41607.73,1
1874,2026-03-04 19:46:04.162714,ETH,SELL,21074.38,5
1875,2026-03-04 19:46:14.162714,BTC,BUY,26070.85,2
1876,2026-03-04 19:46:24.162714,BTC,BUY,9433.63,2
1877,2026-03-04 19:46:34.162714,SOL,BUY,25238.96,3
1878,2026-03-04 19:46:44.162714,ETH,SELL,42161.85,2
1879,2026-03-04 19:46:54.162714,ETH,SELL,449.56,2
1880,2026-03-04 19:47:04.162714,ETH,BUY,10185.02,5
1881,2026-03-04 19:47:14.162714,SOL,SELL,23445.88,5
1882,2026-03-04 19:47:24.162714,BTC,BUY,36194.62,5
1883,2026-03-04 19:47:34.162714,BTC,BUY,6642.82,2
1884,2026-03-04 19:47:44.162714,ETH,BUY,10075.28,4
1885,2026-03-04 19:47:54.162714,BTC,BUY,14849.18,2
1886,2026-03-04 19:48:04.162714,ETH,BUY,32766.48,2
1887,2026-03-04 19:48:14.162714,BTC,SELL,43275.59,3
1888,2026-03-04 19:48:24.162714,ETH,SELL,2743.49,5
1889,2026-03-04 19:48:34.162714,SOL,BUY,37750.3,5
1890,2026-03-04 19:48:44.162714,SOL,SELL,34089.54,4
1891,2026-03-04 19:48:54.162714,BTC,BUY,29429.7,5
1892,2026-03-04 19:49:04.162714,BTC,SELL,2850.48,2
1893,2026-03-04 19:49:14.162714,SOL,BUY,42226.7,2
1894,2026-03-04 19:49:24.162714,SOL,SELL,33051.08,1
1895,2026-03-04 19:49:34.162714,BTC,BUY,18184.71,5
1896,2026-03-04 19:49:44.162714,BTC,BUY,32816.91,1
1897,2026-03-04 19:49:54.162714,SOL,SELL,18468.81,5
1898,2026-03-04 19:50:04.162714,SOL,SELL,23313.07,2
1899,2026-03-04 19:50:14.162714,SOL,SELL,24147.51,3
1900,2026-03-04 19:50:24.162714,BTC,SELL,28887.59,2
1901,2026-03-04 19:50:34.162714,ETH,BUY,18692.49,1
1902,2026-03-04 19:50:44.162714,BTC,BUY,16600.72,3
1903,2026-03-04 19:50:54.162714,ETH,BUY,5649.66,3
1904,2026-03-04 19:51:04.162714,BTC,BUY,16625.9,3
1905,2026-03-04 19:51:14.162714,SOL,BUY,33392.15,5
1906,2026-03-04 19:51:24.162714,BTC,SELL,41335.43,5
1907,2026-03-04 19:51:34.162714,ETH,BUY,32897.03,2
1908,2026-03-04 19:51:44.162714,ETH,BUY,36689.81,2
1909,2026-03-04 19:51:54.162714,ETH,SELL,685.59,5
1910,2026-03-04 19:52:04.162714,SOL,BUY,19799.16,1
1911,2026-03-04 19:52:14.162714,SOL,BUY,38708.77,4
1912,2026-03-04 19:52:24.162714,BTC,BUY,22760.88,1
1913,2026-03-04 19:52:34.162714,SOL,BUY,14098.07,4
1914,2026-03-04 19:52:44.162714,BTC,SELL,26939.86,4
1915,2026-03-04 19:52:54.162714,SOL,BUY,3438.24,5
1916,2026-03-04 19:53:04.162714,SOL,BUY,10688.76,4
1917,2026-03-04 19:53:14.162714,BTC,BUY,39752.11,5
1918,2026-03-04 19:53:24.162714,SOL,BUY,39928.02,1
1919,2026-03-04 19:53:34.162714,SOL,SELL,25717.3,1
1920,2026-03-04 19:53:44.162714,BTC,SELL,12993.36,5
1921,2026-03-04 19:53:54.162714,ETH,SELL,38752.13,1
1922,2026-03-04 19:54:04.162714,SOL,BUY,25245.71,1
1923,2026-03-04 19:54:14.162714,ETH,SELL,10821.68,1
1924,2026-03-04 19:54:24.162714,ETH,BUY,21794.31,5
1925,2026-03-04 19:54:34.162714,ETH,SELL,29293.07,3
1926,2026-03-04 19:54:44.162714,SOL,BUY,3654.78,3
1927,2026-03-04 19:54:54.162714,SOL,SELL,42254.65,5
1928,2026-03-04 19:55:04.162714,BTC,SELL,34584.08,5
1929,2026-03-04 19:55:14.162714,SOL,SELL,34574.37,1
1930,2026-03-04 19:55:24.162714,SOL,BUY,13305.65,2
1931,2026-03-04 19:55:34.162714,SOL,SELL,2863.31,5
1932,2026-03-04 19:55:44.162714,BTC,SELL,17401.63,4
1933,2026-03-04 19:55:54.162714,BTC,BUY,4200.13,4
1934,2026-03-04 19:56:04.162714,SOL,BUY,3119.93,3
1935,2026-03-04 19:56:14.162714,BTC,BUY,20170.79,2
1936,2026-03-04 19:56:24.162714,ETH,SELL,9181.16,1
1937,2026-03-04 19:56:34.162714,BTC,SELL,26544.59,2
1938,2026-03-04 19:56:44.162714,ETH,BUY,36659.64,1
1939,2026-03-04 19:56:54.162714,ETH,SELL,16021.75,2
1940,2026-03-04 19:57:04.162714,ETH,SELL,22596.91,4
1941,2026-03-04 19:57:14.162714,ETH,BUY,16327.72,4
1942,2026-03-04 19:57:24.162714,BTC,BUY,3027.81,5
1943,2026-03-04 19:57:34.162714,SOL,BUY,19607.95,1
1944,2026-03-04 19:57:44.162714,ETH,BUY,16673.1,1
1945,2026-03-04 19:57:54.162714,BTC,BUY,32923.83,2
1946,2026-03-04 19:58:04.162714,ETH,BUY,9616.7,5
1947,2026-03-04 19:58:14.162714,BTC,SELL,16878.22,3
1948,2026-03-04 19:58:24.162714,BTC,BUY,34436.17,5
1949,2026-03-04 19:58:34.162714,BTC,SELL,36766.37,3
1950,2026-03-04 19:58:44.162714,SOL,BUY,36075.49,4
1951,2026-03-04 19:58:54.162714,SOL,BUY,15246.8,3
1952,2026-03-04 19:59:04.162714,SOL,BUY,25024.64,3
1953,2026-03-04 19:59:14.162714,ETH,SELL,33572.67,5
1954,2026-03-04 19:59:24.162714,SOL,SELL,18813.9,2
1955,2026-03-04 19:59:34.162714,SOL,SELL,35998.46,5
1956,2026-03-04 19:59:44.162714,ETH,BUY,21344.18,1
1957,2026-03-04 19:59:54.162714,SOL,BUY,38484.54,3
1958,2026-03-04 20:00:04.162714,ETH,SELL,9494.31,3
1959,2026-03-04 20:00:14.162714,BTC,BUY,24332.78,1
1960,2026-03-04 20:00:24.162714,BTC,BUY,11669.49,1
1961,2026-03-04 20:00:34.162714,BTC,SELL,21979.65,5
1962,2026-03-04 20:00:44.162714,BTC,SELL,29710.73,1
1963,2026-03-04 20:00:54.162714,ETH,BUY,26302.2,4
1964,2026-03-04 20:01:04.162714,SOL,BUY,31943.33,5
1965,2026-03-04 20:01:14.162714,BTC,SELL,16263.57,4
1966,2026-03-04 20:01:24.162714,ETH,SELL,1871.57,4
1967,2026-03-04 20:01:34.162714,SOL,SELL,37790.4,3
1968,2026-03-04 20:01:44.162714,ETH,BUY,3318.47,4
1969,2026-03-04 20:01:54.162714,BTC,BUY,18349.26,3
1970,2026-03-04 20:02:04.162714,SOL,BUY,15632.47,1
1971,2026-03-04 20:02:14.162714,SOL,SELL,14115.57,5
1972,2026-03-04 20:02:24.162714,ETH,BUY,805.32,4
1973,2026-03-04 20:02:34.162714,ETH,BUY,21449.04,4
1974,2026-03-04 20:02:44.162714,ETH,SELL,39286.34,5
1975,2026-03-04 20:02:54.162714,ETH,SELL,33291.79,2
1976,2026-03-04 20:03:04.162714,SOL,SELL,33238.59,3
